1931 3356
361 200 445 240 280
950 200 1229 242 SCHOLIA.

361 319 507 351 eorum,
539 318 628 356 quae
659 304 862 345 Fabricius
893 307 1019 358 legere
1054 305 1264 354 nequisset,
1295 311 1512 343 commenta
1544 317 1614 342 sua
1649 304 1817 343 suffecit.

361 367 502 417 Neque
521 374 675 418 egomet
694 369 775 419 ipse
795 368 983 409 affirmare
998 367 1135 414 ausim,
1152 379 1212 405 me
1226 379 1334 404 veras
1348 365 1496 404 codicis
1511 366 1618 416 Aug.
1632 363 1816 404 sectiones

360 429 506 479 ubique
526 429 701 468 locorum
720 436 787 469 aut
807 436 1027 469 assecutum
1047 442 1147 474 esse,
1164 434 1231 466 aut
1250 427 1482 466 reddidisse.
1530 427 1659 466 Facile
1676 426 1758 473 fiat,
1779 435 1819 466 et

360 503 512 537 vereor,
542 504 591 529 ne
619 505 696 530 non
724 505 812 530 raro
839 491 987 530 factum
1017 491 1078 537 sit,
1099 496 1143 528 ut
1163 503 1236 541 ego
1265 503 1438 540 quoque,
1472 489 1540 540 qui
1567 489 1631 528 die
1651 493 1691 530 7.
1712 490 1819 528 Junii

359 556 478 594 1767.
497 553 564 591 illa
584 554 732 592 scholia
752 554 967 592 exscribere
988 552 1187 604 coeperim,
1213 556 1254 590 et
1280 551 1320 590 d.
1339 557 1404 590 11.
1424 553 1517 591 Julii
1536 551 1709 602 ejusdem
1729 552 1819 591 anni

358 614 531 654 laborem
551 615 654 654 hunc
674 615 918 662 absolverim,
947 622 1000 661 et,
1028 615 1193 654 obrutus
1220 620 1340 665 atque
1361 614 1559 652 districtus
1578 614 1738 652 aliarum
1759 628 1820 652 re-

358 689 441 715 rum
471 677 705 728 agendarum
734 677 997 725 multitudine,
1027 676 1109 715 otio
1138 676 1350 715 destitutus
1382 675 1522 714 fuerim
1552 676 1820 727 apographum

360 751 487 777 meum
507 753 596 777 cum
617 739 849 778 membranis
870 739 964 790 ipsis
985 752 1119 778 rursus
1139 738 1409 790 comparandi,
1435 751 1525 789 quae
1544 738 1779 776 membranae
1800 751 1823 777 a

359 815 419 840 me
448 803 565 853 paulo
594 810 683 854 post
711 802 761 841 ad
792 802 973 840 dominos
1002 802 1174 840 remissae
1209 807 1310 849 sunt,
1340 801 1518 853 suspicor
1535 801 1655 852 igitur
1674 801 1820 840 factum

358 877 442 902 esse
463 865 606 915 passim
627 865 803 903 locorum
823 871 866 903 ut
886 865 1147 915 peccaverim,
1167 878 1245 902 non
1266 864 1453 903 meditate
1475 869 1514 902 et
1532 864 1636 902 lente
1655 877 1734 902 rem
1756 877 1823 914 ge-

358 938 458 973 rens,
481 927 548 965 sed
571 926 755 965 festinans
775 927 907 964 labore
927 926 1101 976 defungi,
1117 926 1334 965 necessario
1357 925 1516 976 quidem
1533 926 1615 972 illo,
1638 926 1706 964 sed
1725 927 1825 977 inju-

359 987 488 1026 cundo
506 995 545 1026 et
560 1002 674 1039 quem
697 989 817 1027 invita
837 988 1015 1026 Minerva
1035 987 1253 1026 tolerarem.
1311 988 1429 1032 Quod
1449 990 1480 1026 si
1496 1002 1589 1040 ergo
1607 990 1683 1027 hoc
1703 989 1741 1026 in
1761 1002 1824 1039 ge-

359 1063 449 1088 nere
470 1063 542 1100 ego
565 1063 722 1100 quoque
742 1050 898 1088 humani
918 1049 1013 1100 quid
1033 1063 1170 1101 passus
1191 1049 1315 1098 fuero,
1336 1056 1379 1088 ut
1398 1049 1492 1087 fidei
1510 1049 1680 1100 publicae
1702 1049 1824 1099 impo-

358 1124 506 1160 nerem,
539 1112 666 1163 culpae
697 1112 844 1150 veniam
873 1126 983 1163 rogo,
1014 1112 1063 1150 ab
1093 1111 1216 1150 invito
1246 1118 1286 1150 et
1314 1111 1560 1163 imprudente
1592 1113 1823 1150 commissae.

359 1173 524 1212 Discant
553 1174 659 1220 hinc,
691 1174 759 1225 qui
788 1174 1037 1212 bibliothecis
1064 1180 1252 1225 praesunt,
1273 1187 1321 1212 ex
1339 1187 1399 1220 e0,
1426 1174 1536 1224 quod
1556 1173 1714 1212 codices
1736 1187 1825 1211 suos

358 1236 449 1275 viris
469 1237 598 1276 doctis
615 1237 862 1289 usurpandos
883 1237 991 1284 dent,
1012 1238 1138 1288 pretio
1158 1238 1341 1276 codicum
1362 1237 1458 1276 nihil
1477 1237 1682 1276 decedere.
1724 1237 1824 1276 Fieri

359 1299 508 1350 nequit,
528 1305 571 1337 ut
591 1312 687 1337 unus
709 1300 840 1346 homo,
861 1301 1078 1351 praesertim
1099 1300 1298 1348 festinans,
1319 1300 1451 1339 omnia
1465 1307 1600 1339 cernat
1617 1306 1657 1338 et
1678 1305 1823 1339 enotet.

359 1360 614 1408 Posteriores,
636 1361 794 1399 eosdem
813 1361 851 1399 in
869 1362 1030 1400 codices
1049 1375 1137 1400 cum
1158 1362 1350 1408 incidunt,
1371 1362 1484 1413 plura
1504 1362 1737 1413 pauciorave
1758 1363 1826 1399 ob-

359 1430 531 1474 servant,
552 1436 573 1461 a
593 1423 804 1474 majoribus
824 1423 1062 1474 praetervisa.
1120 1424 1234 1474 Saepe
1262 1437 1420 1474 quoque
1439 1424 1548 1462 locus
1568 1422 1824 1461 dubitationis

360 1485 510 1535 incidit,
530 1491 615 1523 uter
637 1499 767 1524 verum
786 1486 939 1532 viderit,
960 1486 1066 1537 prior
1085 1499 1133 1523 an
1152 1485 1360 1537 posterior.
1411 1485 1571 1523 Debent
1591 1484 1708 1534 igitur
1728 1483 1826 1532 ejus-

360 1547 470 1586 modi
493 1548 723 1586 membranae
744 1562 767 1586 a
786 1548 953 1586 dominis
973 1554 1107 1587 sancte
1129 1554 1168 1586 et
1190 1548 1368 1598 religiose
1384 1547 1640 1594 custodiri,ut
1657 1547 1826 1599 supersit

359 1610 506 1648 arbiter
527 1610 690 1648 idoneus
709 1610 767 1648 liti
788 1610 1032 1649 dirimendae.
1089 1611 1221 1654 Quare
1241 1610 1430 1660 majorem
1452 1610 1490 1648 in
1512 1611 1670 1648 modum
1692 1624 1713 1648 a
1733 1610 1826 1648 viris

359 1671 488 1710 doctis
508 1679 603 1723 peto
622 1679 740 1723 atque
761 1673 973 1720 contendo,
995 1673 1024 1711 si
1041 1673 1107 1722 qui
1124 1679 1192 1711 aut
1206 1675 1393 1724 Augustae
1416 1679 1517 1719 sunt,
1533 1679 1742 1719 autemut,
1758 1681 1826 1711 aut

361 1734 393 1771 si
413 1734 554 1782 quibus
572 1734 655 1773 aliis
676 1735 769 1772 alibi
800 1736 974 1773 locorum
1004 1736 1116 1786 copia
1137 1735 1319 1774 codicum
1342 1738 1655 1786 Augustanorum
1678 1734 1760 1781 fiet,
1784 1742 1826 1774 ut

361 1797 537 1835 codicem
558 1796 836 1834 Demosthenis
856 1799 1138 1847 Augustanum‚
1159 1810 1181 1834 a
1208 1811 1266 1835 me
1294 1797 1503 1848 diligenter
1523 1802 1746 1844 tractatum,
1768 1798 1824 1835 ni-

361 1859 568 1897 hilominus
599 1867 728 1898 tamen
757 1860 894 1910 majori
914 1860 1030 1897 etiam
1050 1860 1250 1910 diligentia
1271 1860 1506 1906 examinent,
1525 1860 1707 1908 quoniam
1734 1873 1822 1897 cum

360 1922 563 1968 credibile,
574 1929 653 1961 tum
668 1929 815 1961 certum
828 1923 928 1960 adeo
942 1929 1014 1969 est,
1025 1923 1211 1961 nonnulla
1224 1936 1347 1961 meam
1357 1922 1596 1973 diligentiam
1608 1921 1826 1971 effugisse.”

415 1986 476 2023 De
491 1985 659 2023 Scholiis
675 1984 947 2035 Lessingianis,
968 1999 1057 2036 quae
1079 1985 1196 2023 literis
1217 1985 1438 2023 LESSING.
1459 1983 1651 2035 insignivi,
1670 1983 1824 2021 Reiski-

360 2061 430 2086 us:
461 2052 486 2069 “
505 2048 672 2086 Scholiis
694 2048 813 2095 hisce,
844 2062 891 2086 ex
911 2049 1140 2099 Augustano
1167 2053 1207 2085 et
1232 2047 1422 2085 Bavarico
1449 2046 1551 2084 libro
1580 2045 1726 2096 petitis,
1755 2044 1823 2083 ad·-

355 2110 469 2161 junxi
489 2123 614 2160 pauca
635 2110 831 2161 quaedam,
852 2124 941 2161 quae
962 2110 1120 2156 Aldina,
1143 2123 1164 2148 e
1184 2110 1386 2161 Lessingio
1405 2109 1455 2147 V.
1477 2109 1522 2147 C.
1542 2121 1694 2146 mecum
1716 2120 1823 2146 com-

361 2171 570 2219 municata,
589 2173 893 2224 suppeditavit.’'

416 2234 576 2272 Scholia
602 2234 786 2284 denique,
819 2235 868 2273 ad
897 2235 1107 2286 marginem
1128 2233 1310 2273 editionis
1332 2235 1549 2273 Lutetianae
1569 2233 1765 2286 apposita,
1786 2237 1826 2270 et

360 2296 399 2334 in
419 2297 539 2347 priori
561 2297 674 2347 hujus
696 2297 809 2334 Tomi
827 2304 939 2348 parte
959 2298 1113 2344 omissa,
1132 2298 1310 2349 insignivi
1330 2297 1451 2336 literis
1471 2298 1585 2336 BEN.

416 2359 574 2397 Scholia
594 2360 662 2397 ubi
691 2374 777 2398 cum
799 2361 962 2411 vulgatis
982 2362 1232 2407 conveniunt,
1259 2361 1448 2412 appositis
1474 2360 1642 2399 numeris
1663 2358 1824 2410 pagina-

360 2435 446 2459 rum
461 2429 501 2460 et
517 2435 697 2461 versuum
710 2423 890 2462 editionis
906 2424 1063 2462 Nostrae
1081 2424 1139 2462 his
1153 2425 1263 2463 uncis
1279 2427 1294 2475 (
1322 2423 1507 2473 )inclnsis
1522 2422 1681 2474 (quibus
1695 2429 1822 2459 autem

362 2484 449 2522 haec
470 2484 578 2535 signa
600 2498 689 2522 cum
720 2486 889 2524 numeris
916 2487 1114 2538 adscripta
1144 2500 1221 2524 non
1248 2493 1353 2532 sunt,
1380 2499 1426 2524 ea
1447 2485 1606 2524 Scholia
1635 2484 1673 2522 in
1702 2483 1824 2535 priori

360 2546 478 2596 hujus
498 2552 617 2583 sextae
638 2547 753 2584 Tomi
775 2554 884 2597 parte
903 2561 980 2586 non
1001 2550 1210 2599 prostant),
1223 2548 1443 2586 Varietates
1463 2545 1660 2585 Lectionis
1680 2545 1823 2583 solum-

361 2607 480 2646 modo
500 2609 665 2646 enotavi.
707 2610 890 2660 Superest
909 2617 951 2648 ut
971 2610 1137 2648 lectores
1155 2610 1230 2657 his,
1251 2609 1536 2659 qualiacunque
1557 2614 1661 2654 sunt,
1681 2605 1821 2645 sudore

361 2671 449 2709 VV.
466 2670 559 2710 DD.
581 2670 717 2722 partiS‚
739 2684 825 2710 meo
846 2672 1022 2724 digestis,
1042 2672 1154 2712 bonis
1176 2672 1366 2711 fruantur.
