1914 3372
413 461 1019 517 MOUNTENEII
1082 459 1344 516 NOTAE

677 589 764 631 AD
797 588 1074 631 SCHOLIA

572 697 637 737 IN
670 693 1110 738 OLYNTHIACAM
1146 692 1179 733 Ι.

201 865 238 894 P.
252 867 301 894 13.
312 865 370 895 col.
383 868 413 896 2.
425 867 478 897 ult.
491 865 594 909 ἦθικόν]
606 869 706 908 Supra
716 867 854 899 dixerat:

156 906 221 937 ἔστι
251 906 278 937 δὲ
305 907 399 939 ἠθικὸν
414 909 494 949 »ὁμοῦ
517 911 564 940 καὶ
590 912 801 950 «πραγματικὸν
827 913 860 942 τὸ

158 948 307 990 προοίμιον,
316 952 396 989 quod
408 953 649 983 emendationem
663 954 739 983 hanc
754 953 860 982 certis-

158 992 263 1022 simam
281 1003 349 1022 esse
364 996 530 1026 confirmat.

200 1036 238 1065 P.
257 1038 306 1066 16.
322 1046 349 1066 ο.
366 1041 394 1068 2.
411 1040 441 1068 8.
451 1039 660 1080 ἀποδείκνυται]
678 1040 758 1078 quod
773 1039 861 1078 plane

158 1078 361 1116 desideratur,
374 1091 414 1110 ex
424 1082 540 1111 Wolfio
548 1083 686 1121 reposui:
710 1093 782 1112 mox
794 1093 861 1112 cum

158 1122 265 1152 eodem
281 1122 349 1161 lego
367 1122 474 1164 ἕτοιμοι
487 1124 608 1161 ἔσονται,
620 1136 676 1165 pro
688 1136 748 1164 quo
764 1130 861 1156 tamen

158 1164 239 1194 idem
252 1164 281 1193 in
295 1167 442 1205 margine,
455 1173 484 1198 et
500 1169 663 1198 morellius
673 1169 703 1198 in
717 1179 780 1198 var.
793 1169 862 1199 lect.

159 1206 341 1237 ξουλῆσοντοιι
353 1210 473 1249 legunt3
497 1212 606 1241 deinde
623 1223 689 1241 cum
706 1211 813 1242 iisdem
824 1211 861 1241 ἐν·

159 1249 278 1300 δέχεται
289 1252 402 1289 πεῖσαι,
418 1253 513 1284 altera
527 1255 618 1285 lectio
632 1265 720 1285 sensu
735 1266 862 1294 prorsus

159 1304 237 1323 omni
254 1300 346 1326 caret.

203 1337 239 1365 P.
256 1340 307 1367 18.
322 1348 349 1368 c.
366 1341 396 1369 Q.
414 1342 465 1371 24.
479 1342 577 1370 ταῦτα
599 1340 669 1381 γᾶς]
689 1341 861 1379 Legendum

160 1379 282 1409 videtur
311 1383 409 1411 ταῦτα
435 1385 489 1423 γᾶς
517 1384 578 1425 ἔχει
609 1383 766 1418 Φίλιπποςε
801 1384 862 1420 vel,

160 1423 256 1451 ταῦτα
271 1424 324 1463 γὰξ
340 1424 424 1464 ἴσμεν
439 1426 514 1467 ἔχειν
529 1427 575 1456 τὶν
587 1425 734 1456 Φίλιππον.

205 1466 238 1495 Ρ.
257 1468 308 1496 19.
328 1479 354 1497 o.
371 1472 400 1498 Q.
417 1472 468 1498 17.
485 1469 670 1503 νουθετοῦντος
683 1470 730 1499 καὶ
747 1476 860 1499 λυσιτε-

161 1508 283 1548 λοῦντος]
316 1511 364 1540 Ex
386 1511 491 1541 Wolfii
513 1515 688 1551 conjectura
712 1513 792 1552 lego,
815 1513 864 1542 κοιῖ

160 1551 229 1589 weg?
242 1553 292 1580 τοῦ
308 1556 527 1591 λυσιτελοῖντος,
541 1557 620 1595 quod
638 1556 729 1585 etiam
746 1560 864 1585 senten-

161 1593 202 1623 tia
218 1596 372 1633 postulare
389 1597 519 1628 videtur.
564 1600 641 1628 Mox
664 1599 742 1628 idem
760 1599 864 1637 legen-

161 1635 230 1665 dum
248 1637 313 1667 vult
327 1642 426 1679 καιρῶν
439 1651 472 1670 τε
486 1640 533 1670 καὶ
547 1641 664 1680 τρόπων,
677 1641 756 1680 quod
769 1642 864 1671 omni-

160 1688 198 1709 no
215 1690 271 1709 non
288 1683 395 1719 probo.

196 1739 245 1770 ⁸—
258 1722 332 1752 ibid.
350 1728 451 1764 antep.
466 1728 505 1756 τὰ
516 1727 602 1757 οἰκεῖα
612 1727 785 1769 πάσχοντα]
802 1728 866 1758 Re-

162 1765 299 1796 cussime
315 1768 475 1799 Morellius
490 1769 521 1799 in
539 1781 602 1800 var.
618 1771 688 1800 lect.
702 1773 796 1804 κακῶς
807 1772 864 1800 πά-

160 1818 270 1849 σχοντα
293 1812 498 1850 reponendum
520 1813 598 1843 vult.
643 1814 695 1843 Sic
715 1814 805 1850 infra,
817 1816 866 1844 τὴν

161 1850 285 1891 πατξίδοι
298 1853 383 1884 αὐτοῦ
399 1858 492 1890 κακῶς
509 1856 695 1897 πάσχουσαν.

903 843 917 850 ο

934 870 972 899 Ρ.
990 872 1041 900 ⁶20.
1059 880 1086 899 c.
1107 874 1136 900 1.
1157 872 1189 900 ⁷.
1210 869 1236 899 ἒν
1255 867 1298 908 τῷ
1318 865 1371 895 ἄνω
1395 863 1504 905 πόλεις]
1526 863 1598 893 Sine

893 913 987 942 dubio
1007 913 1073 942 haec
1092 913 1236 943 mendosa
1251 914 1340 942 sunt:
1362 918 1498 948 quaenam
1516 906 1598 937 enim

894 960 941 982 est
954 954 1141 983 constructio
1158 955 1183 984 ἐν
1197 956 1240 993 τῷ
1251 955 1317 987 ἄνω,
1333 957 1365 983 et
1379 952 1483 986 πόλεις
1496 950 1601 984 εἴτι-τὼν,

894 996 973 1026 etc-‚²
1001 996 1207 1026 Certissimam
1229 996 1468 1024 emendationem
1488 1003 1600 1033 sugge-

895 1044 964 1069 runt
988 1040 1083 1069 verba
1109 1038 1248 1078 proxime
1278 1037 1445 1076 sequentia,
1472 1034 1518 1065 ἐπὶ
1547 1036 1600 1069 τῆς

895 1081 1032 1112 Ὀλύνθου
1051 1082 1125 1117 εἷπε,
1146 1092 1234 1121 quam
1257 1080 1350 1110 miror
1373 1089 1429 1108 nec
1452 1079 1600 1108 Wolfium

896 1136 994 1164 neque
1011 1126 1185 1155 Mor-ellium
1199 1122 1458 1154 animadvertisse.

940 1186 979 1192 —
996 1169 1072 1198 ibid.
1087 1171 1138 1199 50.
1161 1166 1293 1207 σύνταξίς
1306 1165 1370 1195 ἐστι
1390 1165 1434 1195 δύο
1451 1163 1600 1203 wemma&-

895 1212 966 1253 των]
983 1213 1058 1241 Haee
1071 1211 1158 1241 vocis
1168 1210 1301 1248 σύνταξις
1313 1206 1465 1249 expositio
1481 1206 1603 1236 videtur

895 1256 1009 1285 nullum
1030 1255 1078 1284 hic
1098 1255 1195 1284 locum
1213 1255 1325 1283 habere
1342 1261 1446 1291 posse.
1490 1249 1603 1279 Potius

896 1309 963 1328 cum
991 1298 1238 1338 Harpocratione
1268 1296 1515 1334 interpretemur,
1539 1291 1602 1321 ἀντὶ

895 1343 944 1371 τοῦ
967 1339 1180 1379 συντεταγμένη
1203 1340 1316 1375 οἴκησις,
1338 1338 1401 1378 vel,
1423 1347 1461 1366 ex
1487 1334 1603 1364 Valesii

896 1386 1080 1423 conjectura,
1096 1384 1233 1417 διοίκησις.

939 1446 982 1450 -—
995 1428 1070 1457 ibid.
1091 1428 1146 1457 ult.
1163 1427 1249 1466 δ’ςωεξ
1265 1425 1312 1454 καὶ
1330 1424 1341 1454 ὅ
1357 1421 1488 1462 ‘mam-373]
1504 1421 1555 1450 Ἰλ.
1571 1426 1603 1449 E.

898 1481 961 1500 ver.
978 1472 1050 1501 586.

938 1532 981 1536 —
992 1514 1066 1543 ibid.
1083 1525 1108 1544 c.
1128 1515 1157 1542 Q.
1168 1515 1197 1543 2.
1210 1507 1490 1551 ἐντροπαλιζόμενος]
1505 1506 1605 1536 Ἰλ.Λ.

897 1567 961 1587 ver.
973 1558 1047 1587 546.

940 1618 983 1623 —-
1005 1599 1081 1630 ibid.
1108 1601 1160 1630 20.
1182 1598 1287 1630 πάντες
1309 1593 1447 1638 χρῄζετε]
1471 1591 1605 1623 VVolfius

898 1643 1068 1673 rectissime
1088 1641 1243 1672 admonuit
1260 1639 1421 1680 legendum
1443 1646 1509 1666 esse
1526 1636 1607 1665 waiv-

898 1689 964 1720 τωςὶ

943 1731 977 1759 P.
995 1731 1046 1760 22.
1063 1740 1089 1758 c.
1106 1732 1136 1758 1.
1154 1731 1205 1760 26.
1221 1728 1242 1757 οἱ
1258 1723 1405 1763 πολέμιοι]
1423 1721 1559 1752 Wolfius
1577 1720 1606 1750 in

899 1772 1034 1811 margine
1056 1773 1146 1801 babet
1169 1772 1214 1806 ὡς,
1231 1769 1312 1809 quod
1334 1767 1424 1796 etiam
1446 1764 1609 1795 Morellius

899 1816 1127 1845 rescribendum
1136 1824 1204 1843 esse
1213 1811 1384 1842 admonuit:
1400 1807 1610 1838 deindeWol·

902 1859 957 1888 tius
972 1859 1078 1900 χῶςιιν,
1091 1857 1172 1897 quod
1188 1857 1278 1896 plane
1293 1853 1406 1884 rectius
1421 1856 1476 1882 est.

561 1972 624 2013 IN
659 1971 1101 2014 OLYNTHIACAM
1134 1970 1196 2013 ΙΙ.

206 2064 241 2093 P.
253 2064 303 2094 93.
316 2074 344 2093 c.
358 2066 385 2093 1.
401 2065 449 2094 13.
462 2062 487 2093 ἒν
497 2063 553 2102 μὲν
567 2063 610 2102 τῷ
623 2064 724 2103 πρώτῳ
735 2062 868 2102 ζητεῖται

164 2107 186 2137 εἶ
201 2109 254 2149 χρὴ
268 2105 372 2139 βοηθεῖν
385 2107 445 2140 τοῖς
458 2105 615 2140 Ὀλυνθίοις·
632 2105 657 2136 ἓν
672 2107 699 2136 δὲ
715 2107 817 2145 τούτῳ,
834 2106 868 2136 τὸ

163 2149 218 2189 μὲν
233 2148 336 2183 Βοηθεῖν
347 2149 392 2181 ἤδη
408 2149 560 2190 δέδεικται]
581 2150 678 2179 Immo
693 2161 709 2179 e
725 2150 868 2179 conti-ain

165 2194 221 2223 hae
238 2193 374 2223 oratione
395 2193 539 2232 quaeritur
561 2193 583 2222 εἶ
604 2194 658 2234 χςῆ
678 2192 790 2225 Bon-&eir
810 2194 870 2228 τοῖς

164 2235 329 2272 Ὀλυνθίοις,
351 2237 431 2276 quod
454 2236 644 2266 manifestum
668 2241 715 2266 est
739 2246 776 2265 ex
801 2235 869 2275 ipso

166 2279 315 2317 exordio3
337 2279 366 2308 in
382 2279 435 2308 illa
454 2280 558 2313 altera,
575 2289 662 2318 quam
685 2278 870 2309 Scholiastes

164 2322 243 2352 falso
260 2322 387 2361 primam
404 2327 504 2358 vocat,
518 2321 552 2352 τὸ
572 2321 626 2361 μὲν
641 2320 745 2355 βοηθεῖν
765 2321 810 2353 ἤδη
826 2320 870 2352 δέ·

167 2364 294 2395 taum:
318 2365 409 2405 idque
430 2365 529 2406 palam
550 2371 596 2395 est
616 2376 683 2395 cum
704 2375 743 2395 ex
766 2365 869 2395 multis

166 2408 235 2438 aliis
251 2408 338 2444 loeis,
351 2413 412 2438 tum
425 2407 593 2448 praesertim
607 2419 646 2438 ex
662 2418 698 2438 eo
711 2408 790 2447 quod
806 2409 870 2438 De-

167 2452 342 2481 mosthenes
357 2452 395 2481 de
420 2452 563 2492 Philippo
583 2451 658 2481 dicit
678 2461 749 2490 pag.
771 2455 822 2482 11.
841 2456 870 2483 Q.

168 2494 217 2524 ed.
241 2499 337 2525 nostr.
360 2495 400 2525 τὰ
423 2493 447 2523 δ“
468 2496 544 2533 ἦμές
565 2492 732 2530 διαξάλλων,
752 2493 800 2523 καὶ
823 2496 871 2525 τὴν

168 2535 304 2567 ἀπουσίαν
329 2539 377 2568 τὴν
405 2537 553 2577 ἦμετέξαν.
605 2537 766 2574 Quomodo
791 2538 870 2567 enim

169 2580 331 2620 Philippus
344 2581 571 2611 Atheniensium
588 2580 752 2610 absentiam
769 2580 870 2609 crimi-

169 2622 232 2652 nari
249 2628 379 2661 poterat,
392 2623 451 2653 nisi
463 2623 616 2664 Olynthiis
632 2623 747 2653 auxilio
762 2623 870 2653 adesse

170 2675 210 2694 ex
223 2665 335 2696 soedere
347 2668 407 2705 jam
424 2666 511 2697 initio
527 2665 720 2697 tenerentur?

214 2725 257 2730 —
276 2708 350 2738 ibid.
366 2711 417 2740 18.
441 2708 496 2749 μὲν
510 2710 553 2749 τῷ
574 2709 662 2750 λόγῳ]
689 2709 871 2749 Praepositio

171 2750 259 2789 plane
287 2751 392 2781 deest:
421 2751 536 2792 itaque,
560 2764 600 2784 ex
626 2752 736 2783 Wolfii
760 2757 872 2788 mente,

173 2793 242 2833 lego
258 2792 284 2823 ἐν
299 2804 353 2832 pro
368 2792 432 2832 μέν.

215 2852 257 2859 -—
274 2836 347 2866 ibid.
364 2839 414 2866 22.
427 2837 487 2876 περὶ
504 2839 559 2868 τῶν
574 2836 604 2878 ἐξ
621 2837 725 2879 ἇςχῆς]
738 2837 873 2867 VVollius

173 2888 231 2908 uno
246 2879 343 2909 verbo
360 2878 437 2918 legit
457 2878 586 2922 ἒξαςχῗις,
601 2887 631 2911 et
651 2892 707 2920 pro
727 2879 800 2920 περὶ,
819 2879 874 2909 ἐπὶ

173 2921 274 2960 potius
293 2921 485 2951 scribendum
506 2928 620 2954 censet.
662 2924 729 2962 Ego
751 2923 873 2962 quidem

173 2962 224 3003 πςό
235 2963 325 2993 malni
336 2963 516 3001 rescribere,
525 2976 591 2996 cum
601 2966 671 3005 quia
681 2967 770 2996 hasce
782 2976 874 2996 voces

173 3006 340 3045 saepissime
359 3007 436 3037 inter
458 3018 490 3037 se
508 3010 616 3039 mutari
637 3009 877 3045 observaverim,

174 3052 234 3079 tum
252 3050 291 3080 ob
307 3059 435 3089 sequens
447 3050 498 3090 πςό
515 3053 564 3086 τῆς
580 3051 782 3092 εἷσόδου,(]ιιοᾶ
793 3052 874 3083 idem

902 2062 992 2102 plane
1009 2067 1066 2091 est.

945 2123 987 2127 —
1002 2105 1076 2134 ibid.
1094 2115 1164 2144 pen.
1180 2101 1315 2133 δείκνυται
1335 2101 1362 2132 δὲ
1383 2103 1417 2132 ὢν
1433 2100 1553 2142 δεύτεξος
1567 2117 1610 2123 —-·

903 2146 934 2177 ἐκ
943 2148 1037 2183 τῶνδε,
1050 2148 1124 2188 etc.]
1142 2147 1293 2186 Lepidum
1305 2156 1375 2176 sane
1389 2149 1610 2184 argumentum,

904 2191 1046 2230 quodque
1063 2191 1142 2220 seria
1159 2190 1340 2220 refutatione
1356 2189 1436 2218 haud
1451 2187 1578 2227 indiget.

946 2251 989 2257 -——
998 2234 1075 2264 ibid.
1085 2244 1112 2263 c.
1126 2236 1156 2264 2.
1169 2236 1199 2264 3.
1212 2233 1224 2263 ὅ
1241 2232 1401 2274 Φιλόχοςος]
1419 2232 1511 2261 Libro
1521 2234 1610 2260 sexto

903 2288 1005 2307 rerum
1021 2277 1209 2307 Atticarum:
1233 2287 1302 2306 eum
1318 2275 1434 2306 videsis
1450 2275 1481 2304 in
1496 2272 1610 2313 ὀλυμ-

905 2321 1011 2351 masa-v
1025 2320 1174 2360 ἰινοιγξαφῇ
1188 2320 1268 2358 apud
1284 2318 1472 2357 Scaligerum
1487 2328 1519 2357 p.
1534 2319 1610 2348 330.

905 2365 963 2394 sub
980 2365 1087 2393 finem:
1113 2363 1161 2393 vel
1179 2363 1208 2392 in
1226 2362 1357 2401 Dionys.
1374 2361 1534 2391 Halicarn.
1551 2361 1612 2399 Ep.

905 2407 941 2436 ad
959 2406 1063 2436 Amm.
1078 2417 1109 2446 p.
1128 2407 1201 2436 1⁶26.
1215 2405 1274 2435 Ed.
1291 2404 1426 2434 Doctiss.
1442 2403 1601 2433 Hudsoni.

947 2468 990 2473 —
1005 2450 1081 2479 ibid.
1105 2451 1158 2480 19.
1179 2447 1397 2487 καταστυνιστᾷ]
1424 2448 1541 2477 Deesse
1562 2446 1612 2476 hic

905 2492 1084 2533 particulam
1113 2492 1315 2531 copulativam
1339 2491 1478 2530 quilibet,
1505 2489 1613 2525 credo,

906 2536 1018 2567 videat.
1062 2535 1142 2567 Mihi
1157 2534 1277 2574 quidem
1292 2535 1347 2564 sub
1363 2534 1416 2564 illo
1434 2533 1501 2572 ipso
1517 2543 1612 2561 κατα-

905 2579 1028 2618 συνιστςῖ
1045 2578 1228 2607 delitescere
1253 2577 1422 2607 videbatur.
1467 2576 1614 2606 Abundat

906 2633 1014 2661 nempe
1035 2623 1114 2651 κατὰ
1137 2627 1167 2650 et
1188 2631 1226 2650 ex
1250 2618 1329 2661 κᾷτα.
1352 2624 1525 2658 corruptum
1544 2628 1612 2648 esse

906 2665 1093 2704 suspicabar.
1139 2663 1358 2703 Snffragantem
1375 2668 1482 2702 postea
1499 2661 1612 2690 Morel-

905 2709 978 2737 linm
996 2707 1167 2742 observavi,
1184 2708 1270 2745 cujus
1290 2706 1415 2746 insuper
1429 2705 1550 2743 adjutus
1565 2704 1612 2733 in·

907 2750 1024 2781 dustria
1036 2750 1197 2780 lectionem
1216 2750 1343 2779 fidenter
1358 2747 1527 2779 emendavi.

951 2811 993 2816 -—
1006 2793 1083 2823 ibid.
1099 2795 1150 2823 527.
1175 2792 1342 2833 σύμμετρον
1359 2790 1423 2831 καὶ]
1446 2789 1616 2828 Σύμμετξος

909 2837 991 2875 apud
1002 2838 1127 2866 Graecos
1138 2836 1232 2874 vulgo
1244 2836 1362 2867 saltem,
1375 2834 1401 2863 si
1416 2843 1471 2862 non
1483 2842 1615 2871 semper,

909 2880 1069 2915 mediocris,
1083 2879 1221 2914 modicus,
1237 2879 1365 2916 ideoque
1383 2878 1505 2915 exiguus
1520 2878 1617 2911 sonat.

910 2923 1018 2961 Itaque
1036 2932 1103 2952 cum
1119 2922 1184 2952 liaec
1200 2922 1296 2961 primo
1312 2921 1456 2958 legerem,
1473 2917 1550 2947 illud
1568 2916 1617 2946 καὶ

910 2964 942 2995 in
959 2965 987 2994 οὐ
1003 2965 1181 2996 vertendum
1198 2965 1313 2994 censui.
1359 2961 1522 3000 Quomodo
1537 2959 1614 2990 enirn

912 3008 1017 3038 eadem
1045 3008 1179 3048 potentia
1201 3012 1231 3036 et
1252 3016 1360 3041 maana
1381 3010 1413 3035 et
1435 3012 1529 3042 parva
1554 3002 1620 3032 fieri

912 3052 1038 3090 posset?
1061 3051 1211 3081 Caeterum
1226 3060 1318 3089 quum
1333 3048 1391 3078 alia
1403 3047 1506 3082 etiam,
1518 3056 1626 3085 quam·
