1898 3356
256 227 340 268 356
798 229 1119 272 PRAEFATlo

258 332 335 369 hoc
354 331 459 379 cod„
475 345 588 382 quem
608 333 670 372 ed.
691 334 776 373 Par.
796 335 957 374 denotat
971 348 1038 386 per
1054 336 1203 375 literam
1218 351 1247 383 ε,
1262 336 1393 387 plures
1411 335 1545 386 accepi
1567 336 1708 386 probas

257 392 464 431 lectiones.

309 468 337 505 p
370 459 408 493 6.
437 459 554 495 3001.
583 457 682 496 Cod.
712 459 834 497 chart.
864 472 955 497 saec.
983 459 1092 497 XVI.
1124 459 1190 510 qui
1220 461 1321 499 inter
1350 463 1494 499 caetera
1522 457 1712 503 continet,

257 529 314 554 or.
335 516 452 556 Dent.
473 518 522 557 de
541 519 710 566 Corona,
731 519 780 558 de
802 521 903 559 male
925 521 1034 559 obita
1052 521 1257 572 legatione,
1277 522 1461 560 adversus
1482 521 1710 572 Leptinem;

259 578 382 616 tribus
397 579 454 618 his
467 580 732 632 adjunguntur
751 580 838 620 duae
856 582 1106 633 hypotheses.
1140 585 1252 622 Orat.
1267 584 1414 622 habent
1428 583 1475 622 ad
1498 582 1710 633 marginem

260 639 456 679 breviores
486 643 638 693 aliquot
667 643 949 690 annotationes,
970 657 1133 694 quarum
1160 650 1297 683 auctor
1331 645 1420 683 mihi
1451 644 1606 695 ignotus
1641 649 1713 680 est.

260 702 377 741 Hunc
393 704 567 743 codicem
583 705 760 755 designat
779 705 842 743 ed.
859 705 947 744 Par.
968 719 1039 756 per
1057 706 1207 744 literam
1229 708 1261 751 ζ.

312 779 340 817 p
357 772 396 808 7.
418 770 537 806 2999.
568 766 668 805 Cod.
687 767 822 805 Chart.
844 780 939 805 saec.
962 768 1072 806 XVI.
1092 781 1171 818 quo
1195 768 1294 806 inter
1309 776 1438 805 cetera
1458 766 1720 811 continentur,

261 828 393 877 plures
414 829 689 867 Demosthenis
710 842 766 866 or.
788 841 874 867 cum
902 829 1183 880 hypothesibus
1210 837 1249 868 et
1270 829 1434 880 epistola
1454 828 1649 879 Philippi3
1681 827 1719 864 iu

261 891 458 929 nonnullis
488 890 606 928 multa
638 891 804 935 desunt;
836 890 925 928 duae
956 891 1193 942 hypotheses
1223 892 1260 928 in
1289 904 1344 928 or.
1376 890 1507 928 AEsch.
1537 890 1720 927 adversus

260 951 526 998 Timarchum,
546 951 727 999 quaedam
748 964 795 988 ex
815 964 871 989 or.
894 952 1068 1001 ejusdem
1089 953 1177 990 adv.
1199 952 1379 998 eundem,
1402 965 1535 990 versus
1555 951 1720 996 initium,

260 1013 354 1065 hyp.
377 1014 415 1051 in
442 1026 498 1052 or.
526 1012 699 1061 ejusdem
720 1012 771 1050 de
798 1013 896 1050 male
926 1013 1035 1050 obita
1062 1014 1255 1063 legatione
1281 1019 1321 1052 et
1346 1014 1394 1051 de
1418 1014 1587 1051 Corona.
1646 1013 1718 1051 Sex

259 1076 394 1125 primae
416 1088 472 1112 or.
496 1074 642 1111 habent
664 1074 713 1111 ad
737 1074 945 1124 marginem
967 1075 1115 1112 scholia
1143 1075 1307 1126 aliquot,
1330 1088 1419 1125 quae
1441 1076 1567 1112 omnia
1588 1075 1722 1112 viden·

260 1143 322 1174 tur
336 1151 382 1174 ex
398 1136 567 1186 Ulpiano
590 1136 813 1186 desumpta.
864 1136 1015 1174 Ibidem
1036 1136 1176 1186 legitur
1195 1137 1274 1175 vita
1295 1136 1486 1174 AEschinis
1506 1136 1650 1187 scripta
1671 1137 1720 1173 ab

261 1199 490 1249 Apollonio,
507 1199 583 1235 vita
598 1197 773 1247 ejusdem
789 1197 938 1235 incerto
956 1205 1130 1245 auctore,
1144 1198 1202 1236 his
1218 1198 1344 1236 verbis
1367 1198 1573 1248 incipiens,
1591 1199 1724 1250 Αἰσχί-

261 1278 327 1307 νης
357 1261 434 1304 υἱὸς
462 1260 507 1306 ἧν
537 1260 769 1311 Ἀτρομήτου
797 1264 860 1297 τοῦ
890 1265 1154 1311 γραμματικοῦ
1183 1289 1194 1299 .
1219 1289 1227 1298 .
1259 1289 1267 1298 .
1291 1287 1301 1298 .
1322 1289 1331 1298 .
1362 1290 1370 1298 .
1398 1260 1589 1311 reperitur
1616 1259 1719 1310 apud

262 1324 422 1370 Aldum,
440 1322 623 1361 Wolfium
643 1328 682 1360 et
700 1321 914 1360 Reiskium.
965 1323 1083 1361 Hunc
1103 1322 1194 1361 cod.
1212 1322 1250 1360 in
1272 1322 1336 1361 ed.
1358 1323 1444 1361 Par.
1466 1329 1723 1374 repraesentat

261 1387 369 1425 litera
389 1404 424 1433 η.

317 1462 343 1499 p
376 1453 413 1487 8.
438 1452 555 1489 3937.
588 1449 687 1488 cod.
709 1449 833 1487 chart.
864 1462 954 1487 saec.
986 1448 1076 1487 XV.
1104 1462 1181 1499 quo
1211 1449 1462 1488 continentur
1490 1455 1567 1487 tres
1597 1448 1721 1500 Olyn-

262 1510 418 1555 thiacae‚
448 1516 617 1560 quatuor
648 1511 891 1560 Philippicae,
916 1511 1110 1548 orationes
1140 1510 1189 1548 de
1220 1524 1331 1562 pace,
1359 1511 1407 1549 de
1438 1511 1650 1556 Haloneso,
1673 1511 1721 1547 (le

264 1573 522 1618 Chersoneso,
544 1572 593 1609 de
615 1573 711 1610 male
729 1573 835 1610 obita
855 1572 1072 1623 legatione3
1094 1572 1210 1622 hujus
1232 1573 1415 1611 orationis
1432 1572 1552 1610 multa
1569 1572 1722 1610 desunt.

263 1634 380 1672 Hunc
401 1633 579 1671 codicem
598 1633 720 1670 editio
743 1634 915 1671 parisina
934 1633 1110 1683 designat
1130 1647 1201 1684 per
1222 1635 1374 1681 literam
1395 1637 1430 1672 6.

317 1709 343 1746 p
373 1701 411 1735 9.
449 1699 568 1733 2934.
607 1694 707 1732 Cod.
747 1695 1030 1740 membraneus,
1072 1709 1162 1733 saec.
1198 1696 1295 1733 XII.
1335 1695 1403 1745 qui
1439 1695 1568 1733 omnia
1604 1695 1723 1733 habet

265 1757 543 1795 Demosthenis
573 1769 661 1806 quae
688 1763 907 1806 supersunt.
965 1756 1131 1794 Videtur
1162 1770 1244 1794 esse
1278 1757 1340 1794 hic
1369 1757 1491 1794 codex
1525 1757 1720 1794 indicatus

263 1819 303 1856 in
341 1819 520 1868 catalogo
560 1818 742 1856 codicum
780 1819 1010 1856 Graecorum
1054 1818 1209 1856 Nicolai
1248 1818 1466 1868 Rodulphii
1506 1818 1724 1856 Cardinalis

265 1880 400 1918 classis
420 1879 601 1917 oratoriae
622 1885 675 1916 n⁰.
694 1883 786 1918 335.
814 1879 1075 1930 Δημοσθένους
1091 1881 1200 1928 λόγοι
1219 1879 1289 1927 ξβ’,
1305 1893 1529 1930 quanquam
1544 1880 1608 1918 hic
1629 1893 1723 1917 con-

265 1942 363 1979 tinet
380 1941 573 1979 orationes
591 1941 737 1978 LVIII.
759 1940 943 1990 epistolas
959 1940 1008 1977 V.
1023 1947 1063 1978 et
1081 1940 1286 1993 Προοίμια.
1319 1941 1512 1979 Caeterum
1533 1942 1569 1978 in
1593 1941 1724 1991 primis

266 2002 510 2041 orationibus
539 2008 627 2040 sunt
650 2001 828 2052 quaedam
862 2000 1010 2039 scholia
1030 2001 1079 2039 ad
1106 2014 1224 2052 marg.
1247 2014 1336 2052 quae
1366 2002 1471 2040 lectu
1497 2001 1725 2040 difficillima

267 2072 371 2104 sunt.
464 2099 469 2107 .

321 2141 348 2179 p
371 2133 432 2166 10.
454 2131 574 2166 2935.
606 2127 707 2166 Cod.
735 2127 898 2166 membr.
919 2126 1033 2177 cujus
1060 2133 1113 2167 26
1140 2128 1270 2178 priora
1289 2126 1381 2165 folia
1403 2140 1496 2165 saec.
1528 2126 1646 2164 XIII.
1673 2139 1728 2164 re-

264 2189 372 2240 liqua
406 2202 499 2227 saec.
521 2189 596 2227 XI.
618 2189 761 2240 scripta
791 2194 891 2227 sunt.
949 2189 1008 2226 Eo
1035 2189 1126 2228 cod.
1156 2190 1422 2236 continentur,
1451 2187 1726 2226 Demosthenis

266 2252 346 2290 vita
364 2251 525 2296 inedita,
546 2256 707 2288 auctore
736 2251 896 2288 Zozimo
919 2251 1159 2297 Ascalonita,
1190 2250 1257 2301 qui
1278 2250 1484 2288 Anastasio
1511 2249 1725 2300 imperante

268 2313 413 2357 floruit,
442 2312 623 2362 anonymi
652 2312 730 2349 vita
767 2311 1040 2350 Demosthenis
1068 2311 1231 2357 inedita,
1263 2311 1348 2348 haec
1370 2311 1449 2349 duo
1483 2311 1727 2361 reperiuntur

270 2381 376 2413 tomo
395 2374 425 2411 Ι.
445 2373 507 2411 ed.
525 2380 660 2420 nostr.,
676 2374 915 2424 hypotheses
934 2373 1099 2423 plurium
1118 2373 1233 2410 Dein.
1254 2377 1350 2409 orat.
1368 2385 1415 2409 ex
1437 2371 1615 2418 Libanio‚
1636 2384 1725 2421 pars

270 2436 506 2474 scholiorum
527 2435 690 2486 Ulpiani
719 2437 756 2473 in
788 2436 951 2486 primam
973 2434 1264 2485 Olynthiacam,
1286 2433 1429 2471 deiude
1458 2434 1587 2471 omnia
1610 2433 1724 2472 Dent.

270 2510 359 2548 quae
382 2502 588 2547 supersunt
608 2503 751 2547 praeter
765 2510 901 2535 causas
922 2496 1007 2546 ejus
1026 2497 1198 2547 privatas
1219 2502 1259 2533 et
1279 2495 1478 2546 epistolas.
1528 2495 1726 2533 Orationi-

271 2561 343 2598 bus
373 2559 539 2608 adjectae
572 2566 661 2598 sunt
690 2559 943 2610 hypotheses,
973 2564 1012 2597 et
1044 2558 1093 2596 ad
1127 2557 1335 2608 marginem
1369 2557 1517 2595 scholia
1548 2556 1730 2606 leguntur

269 2620 483 2672 aliquando
504 2621 692 2670 longiora,
716 2634 883 2671 quorum
903 2626 1041 2658 auctor
1061 2620 1153 2658 mihi
1175 2621 1330 2669 ignotus
1350 2626 1423 2657 est.

326 2688 437 2736 pn.
459 2687 577 2722 2998.
608 2682 708 2721 Cod.
732 2683 857 2721 chart.
891 2682 1002 2731 cujus
1032 2689 1127 2720 aetas
1153 2682 1365 2732 ignoratur,
1398 2681 1533 2719 misere
1562 2681 1730 2719 macula-

273 2753 352 2792 tus,
373 2750 413 2784 et
430 2757 564 2783 erosus
594 2757 615 2781 a
636 2745 842 2792 vermibus,
863 2744 988 2783 sedin
1017 2758 1096 2794 quo
1125 2744 1237 2782 bonae
1258 2743 1502 2794 reperiuntur
1530 2744 1728 2782 lectiones.

273 2808 383 2846 Inter
418 2812 560 2845 caetera
593 2805 768 2843 continet
797 2814 896 2844 orat.
928 2806 1042 2843 Dent.
1074 2805 1122 2843 de
1159 2804 1372 2855 Haloneso,
1402 2805 1520 2856 initio
1544 2806 1730 2850 mutilam,

273 2874 369 2906 orat.
387 2868 436 2905 (le
452 2867 712 2912 Chersoneso,
731 2867 969 2918 Philippicas
987 2867 1138 2905 tertiam
1155 2873 1194 2904 et
1216 2872 1405 2916 quartam,
1426 2879 1483 2905 or.
1496 2866 1546 2904 ad
1563 2866 1732 2917 Philippi

274 2930 496 2980 epistolam,
528 2929 576 2967 de
607 2928 775 2974 Corona,
803 2929 851 2966 (le
875 2929 971 2966 male
1001 2929 1109 2966 obita
1137 2928 1344 2977 legatione,
1377 2928 1562 2965 adversus
1584 2927 1734 2965 Aristo-

276 2999 432 3036 craten),
464 2991 683 3041 Leptinent,
704 2990 916 3034 Cononem,
941 2990 1117 3035 Midiam,
1142 2989 1440 3036 Androtionem,
1462 2989 1734 3034 Timocratem,
