1914 3372
292 231 374 273 AD
407 232 770 275 ORATIONEM
805 231 1126 275 ADVERSUS
1161 234 1485 277 LEPTINEM.
1546 235 1623 276 321

183 336 282 373 Τόπος
297 355 310 362 -
326 355 338 361 -
357 339 445 380 -(-—
461 339 532 380 27.)
547 343 602 370 τῶν
617 339 751 370 δώδεκαὒ
730 350 825 369 νεων-

183 379 271 420 δέρας.
292 380 400 412 IDEM.

225 440 269 446 —-
285 434 355 463 pen.
374 423 420 454 ἐὰν
434 424 462 454 δὲ
479 425 508 456 δὴ
523 424 677 465 πέμψας“
664 436 698 457 ως
719 426 810 466 ἦμξίς]
835 424 885 466 (p.

187 467 259 496 168.
282 477 310 495 ο.
336 470 364 496 1.
387 468 457 505 39.)
483 466 525 496 Εν
549 467 635 508 καιρῷ
653 468 791 508 κέχρηται
813 486 825 490 -
843 485 855 490 -
872 485 885 490 -

183 507 244 550 (—
259 511 310 538 41.
316 508 330 549 )
345 508 584 550 ἐμψυχότατος
573 523 584 540 ο
601 518 629 540 λ.
644 510 760 548 γίνεται.
777 510 883 540 IDEM.

227 552 262 581 P.
285 555 358 582 431.
380 555 412 582 7.
438 555 515 592 παρὰ
540 555 615 583 πᾶσι
638 555 692 592 γὰρ
716 553 883 594 ἀνθρώποις]

183 591 355 666 ῗημείωσαι·
381 595 472 636 ὅμοιον
490 596 581 635 τούτῳ
604 595 637 626 τὸ
663 597 710 625 τοῦ
735 595 884 633 Θεολόγου.

205 646 279 667 »ΕΜ

226 680 265 709 Ρ.
282 682 357 711 433.
373 680 430 710 ult.
444 680 701 721 ἐπαγγειλάμενος]
719 679 884 720 Παρακαλέ-

181 733 246 758 σας,
262 722 396 761 ἀξιώσας.
418 723 525 753 Inmu-

225 766 265 795 Ρ.
278 767 353 795 445.
363 768 394 796 3.
410 765 561 806 προξενίαν]
575 765 740 805 ’Ύποδοχῆν,
755 775 882 805 προστα-

181 806 254 838 σίαν.
276 808 381 838 IDEM.

224 852 261 880 P.
284 853 358 881 448.
387 850 442 880 ult.
469 850 543 880 πάνυ
562 848 648 879 τοίνυν
671 848 812 891 ἀχθοίμην
834 850 881 890 ἂν]

179 891 323 922 Ἐντεῦθεν
337 891 552 932 προοιμιάζεται
565 891 704 930 pennas
697 904 742 923 ετε
745 905 792 933 ρας
805 892 883 932 μερί-

179 935 230 968 δας
244 933 398 976 δέχεσθαι,
410 936 460 965 τοῦ
473 935 534 977 περι
549 937 605 965 τῶν
619 940 748 967 »πολιτᾶν
763 936 884 967 δηλονότι

178 976 270 1016 λόγου.
293 977 402 1008 ΙΒΕΜ.

224 1021 261 1050 P.
276 1022 351 1052 450.
361 1023 393 1052 7.
407 1020 571 1061 ἁρμοστὰς]
584 1019 634 1061 (p.
646 1023 720 1052 173.
730 1032 758 1051 c.
772 1024 803 1052 2.
813 1019 884 1061 15.)

178 1061 234 1093 ὑπὸ
248 1063 471 1104 Λακεδαιμονίων
485 1075 545 1095 om.
569 1066 615 1094 BA
622 1074 652 1094 v.

223 1106 263 1136 P.
275 1109 350 1137 451.
363 1110 415 1139 19.
427 1106 593 1148 ἐπετιμήθη
603 1106 699 1149 (sic)]
716 1106 884 1146 Ἐδοξάσὲη.

177 1149 288 1179 IDEM.

221 1193 258 1222 Ρ.
280 1194 355 1223 453.
375 1194 409 1222 ’7.
432 1194 513 1223 ἀλλὰ
531 1194 558 1223 νὴ
581 1191 638 1224 Δία
658 1192 706 1223 τᾶν
726 1193 820 1224 παῖδα
840 1191 886 1222 τὸν

179 1233 263 1276 (sic)
278 1235 413 1276 Χαβρίου]
438 1237 488 1278 (p.
505 1238 580 1266 174.
602 1247 630 1266 c.
651 1238 683 1266 2.
706 1235 757 1276 5.)
773 1234 812 1266 Τδ
831 1234 886 1274 μὲν

177 1279 290 1319 σχῆμα
310 1296 324 1302 -
342 1297 355 1303 -
376 1297 388 1302 -
411 1279 472 1320 (——-
486 1279 557 1319 11.)
578 1278 782 1320 εὖεργετημένοι
801 1296 814 1302 -
836 1296 848 1302 -
871 1296 884 1301 -

177 1321 240 1361 (-
263 1320 334 1359 13.)
364 1322 487 1352 κατιδεῖν
512 1322 588 1361 ἄξιον
619 1340 633 1346 -
656 1340 670 1347 -
695 1340 707 1345 -
734 1322 884 1364 κέχρηται.

175 1362 285 1394 IDEM.

221 1407 261 1436 Ρ.
280 1407 356 1438 456.
377 1407 435 1438 ult·
453 1407 503 1438 και
520 1408 574 1449 γαρ
595 1407 627 1438 ἃν
645 1407 743 1447 ἄλογον
757 1407 811 1448 εἴη]
835 1414 886 1438 Ση·

177 1448 313 1489 μείωσαι·
324 1449 356 1480 ἐκ
370 1452 420 1481 τοῦ
434 1449 553 1481 ἐναντίου
568 1451 713 1483 πλαστόν.
735 1451 844 1481 IDEM.

223 1494 262 1523 Ρ.
281 1495 356 1525 462.
377 1497 409 1525 2.
432 1496 569 1524 σκοπεῖτε
590 1493 618 1524 δὲ
638 1495 686 1524 και
705 1492 883 1535 λογίσασθε]

177 1535 321 1575 Ἔπίλογος
334 1537 436 1568 τούτου
450 1539 500 1567 τοῦ
514 1536 625 1577 μέρους.
647 1537 755 1568 IDEM.

219 1579 258 1609 P.
271 1581 347 1611 465.
357 1591 428 1620 pen.
439 1579 638 1621 ψηφισμάτων
647 1579 670 1609 δ’
678 1579 824 1621 οὗδοτιοῦν]
834 1579 882 1621 (p.

180 1623 257 1654 1¹76.
272 1633 301 1653 c.
319 1627 350 1653 1.
367 1621 440 1664 ult.)
463 1624 571 1654 ΙΒΕΜ.

221 1666 259 1696 P.
273 1669 348 1698 466.
362 1667 419 1697 ult.
436 1665 543 1698 συνίετε
555 1665 582 1697 ὃν
594 1665 694 1706 τρόπον
706 1665 803 1708 (sic)]
818 1665 884 1705 Περι

176 1707 272 1748 νόμου.
294 1709 403 1740 IDEM.

221 1752 259 1782 P.
276 1755 351 1783 468.
365 1757 398 1785 5.
414 1752 481 1793 πρός
493 1763 527 1783 τε
546 1751 655 1806 (sic)“
646 1754 701 1782 τῶν
714 1751 882 1800 ἐπωνύμων]

178 1795 239 1824 Των
251 1798 346 1834 φυλῶν
359 1794 500 1836 ἐπῶνυμοι
521 1796 612 1837 ηροοες,
627 1794 703 1835 οιπερ
720 1800 789 1826 ἦσαν
805 1795 886 1835 δέκα,

177 1837 265 1877 ωςπερ
279 1837 429 1881 Ἐρεχὲευς
442 1838 593 1873 Πανδίονος.
614 1838 722 1869 Imm.

176 1921 194 1953 I
223 1881 262 1910 P..
283 1883 357 1913 469
379 1883 411 1913 5.
433 1881 582 1924 διώκομεν]
605 1881 651 1915 Εἲς
667 1880 754 1922 κρίσιν
767 1881 885 1922 ἄγομεν.

198 1932 286 1954 ΒΕΜ.

221 1968 350 1998 Ρ.474.
367 1970 419 1998 10.
440 1967 558 2006 καῖμέν
577 1967 698 2001 κάκεῖνος
719 1968 775 1997 τῶν
792 1967 886 2000 καλῶς

178 2009 339 2052 δοκούντων]
367 2009 432 2051 Περι
461 2022 511 2040 του
533 2024 575 2052 μη
603 2010 695 2049 λέγειν
718 2012 812 2044 κακῶς
837 2008 886 2040 τὸν

178 2051 330 2082 τεθνεῶτα.
352 2053 460 2083 Imm.

224 2097 261 2125 P.
276 2098 351 2127 480.
367 2097 422 2127 ult.
436 2095 502 2126 ἔστι
519 2095 604 2126 τοίνυν
617 2107 663 2130 τις
683 2095 824 2137 πρόχειρος
838 2093 885 2123 λό-

177 2138 242 2179 7ος]
254 2137 430 2173 Ἀντιθέσεις
443 2141 492 2169 τοῦ
507 2138 588 2173 ἔθους
601 2137 884 2179 ωαραδειγματικαί·

178 2181 195 2211 ἦ
210 2181 239 2212 δὲ
255 2181 336 2216 λύσις
348 2184 427 2212 κατὰ
442 2181 586 2213 ἔνστασιν.
606 2182 716 2212 IDEM.

223 2225 264 2254 Ρ.
279 2228 355 2257 481.
370 2229 402 2256 3.
421 2224 448 2256 ἐν
461 2226 521 2259 τοῖς
535 2224 651 2266 ἑρμαῖς]
673 2222 743 2255 Ἀπο
757 2226 808 2258 τῆς
821 2229 885 2253 Ποι-

178 2263 259 2302 κίλης
281 2278 329 2297 και
349 2280 402 2304 της
422 2270 472 2298 τοῦ
494 2267 637 2302 βασιλέως
659 2270 748 2301 στοᾶς
769 2267 838 2297 εἶσιν
862 2267 884 2297 οἱ

179 2309 272 2350 ἑρμαῖ
283 2311 458 2351 καλούμενοι·
475 2309 623 2342 ἒκαλουντο
637 2309 664 2340 δέ
680 2321 765 2362 τινεςΜ
765 2310 812 2339 καὶ
824 2309 885 2340 ²1⁷1·-

178 2355 311 2395 παρχεῖοι
327 2354 426 2394 ἑρμαῖ,
443 2353 500 2384 ἀπο
519 2353 692 2395 Ἱππάρχου,
715 2355 765 2384 τοῦ
787 2360 884 2383 Πεισι-

178 2397 317 2437 στράτου.
338 2397 446 2428 IDEM.
469 2398 548 2438 Τρεῖς
557 2396 629 2428 ’ἦσαν
642 2396 885 2438 'Ammo-amous,

179 2439 195 2470 ἦ
206 2439 262 2479 μὲν
276 2440 430 2476 βασίλειος,
445 2441 459 2471 ἦ
473 2440 501 2470 δὲ
516 2443 571 2471 τῶν
580 2441 680 2481 ἐρμὶῡν,
697 2442 711 2471 ἢ
731 2440 759 2470 δὲ
774 2450 885 2470 «σεισα-

177 2482 275 2518 νακτὶς
294 2482 352 2514 eim?
366 2484 557 2519 Πεισιάνακτος
573 2485 622 2514 τοῦ
635 2483 796 2518 κτίσαντος·
811 2482 884 2515 αὕτη

179 2523 221 2561 δὲ,
235 2525 396 2566 γραφέντων
416 2525 442 2557 ἐν
462 2527 538 2558 αῦτη
557 2529 612 2557 τῶν
631 2525 657 2556 ἒν
676 2525 822 2567 Μαραθῶνι
838 2526 885 2556 καὶ

180 2567 275 2600 ἄλλων
287 2572 366 2600 τινῶν
376 2569 490 2600 Ποικίλη
505 2569 625 2601 ἐκλήθη.
647 2570 813 2600 Lnssmc.

225 2611 265 2641 Ρ.
280 2615 353 2644 487.
365 2614 398 2643 7.
415 2613 499 2654 οιμαι
513 2612 599 2644 τοίνυν
612 2612 658 2642 και
670 2614 768 2643 τοῦτον
779 2611 824 2642 τὸν
839 2611 886 2641 λό-

180 2654 244 2696 γον]
259 2654 432 2695 Σημείοοσαι·
445 2655 593 2690 ἀντίθεσις.
618 2657 707 2687 ΒΑΜ.

224 2713 268 2720 --
283 2701 335 2728 11.
354 2697 409 2736 ἐγὼ
424 2698 448 2729 δ’
462 2699 532 2739 ὑπὲρ
546 2711 582 2729 ων
599 2698 654 2740 μὲν
673 2699 712 2741 τῇ
728 2697 810 2728 πόλει
832 2709 884 2728 κα-

184 2741 334 2782 ταλιπεῖν]
350 2741 397 2781 Τῷ
403 2741 624 2793 συμβησομένου
636 2732 706 2773 λύει.
728 2742 838 2772 IDEM-

228 2783 268 2813 Ρ.
275 2785 348 2814 490.
358 2784 390 2814 5.
403 2782 524 2816 οντοίνυν
532 2784 758 2826 κακουργότατον
768 2784 885 2825 οἴονται]

183 2823 346 2860 Ἀντίθεσις.
367 2827 475 2858 Imm.

229 2885 271 2892 —
284 2879 355 2908 peu.
377 2866 432 2906 ἐγὼ
452 2869 493 2908 δὲ,
514 2883 548 2901 το
567 2870 622 2911 μέν
635 2870 728 2911 τινας]
748 2869 837 2906 Λύσις
857 2869 888 2900 ἐκ

187 2913 364 2951 περιτροπῆς.
385 2910 493 2943 lum.

231 2955 270 2985 P.
285 2956 360 2986 491.
375 2959 477 2994 antep.
492 2954 569 2985 οτιδ“
577 2957 625 2987 οὒκ
638 2968 703 2987 εστι
715 2956 821 2998 ταυτο]
838 2955 888 2996 (p-

187 2998 304 3028 182...
317 2996 433 3039 221.)
454 2998 562 3050 112132121.

230 3040 270 3070 Ρ.
285 3041 360 3071 495.
372 3042 403 3071 3.
418 3039 558 3072 ἓτιτοίνυν
572 3034 654 3082 ίσως]
667 3041 717 3084 (p.
730 3045 802 3073 183.
818 3053 844 3073 c.
862 3046 890 3072 1.

191 3093 267 3115 vot..
285 3094 330 3114 νι.

921 337 992 378 27.)
1010 337 1171 373 Ἀντίθεσις
1185 340 1242 370 ἀπὸ
1254 343 1305 375 τῆς
1319 341 1466 376 ποιότητος
1481 343 1535 370 τῶν
1551 341 1625 370 εἶλη·

871 357 1021 420 -φο’των.
1044 381 1150 412 IDEM.

962 442 1003 446 —-
1017 424 1093 453 ibid.
1116 424 1304 466 ἐπισύροντες]
1327 425 1402 456 'Am-2
1418 427 1467 456 τοῦ
1488 426 1623 468 διασύρον-

919 477 976 501 τες.
999 468 1107 496 lorm-

962 510 999 539 P.
1017 512 1135 541 496.1.
1152 509 1218 539 οταν
1232 521 1332 539 ταυτα
1347 509 1469 552 λέγωσι]
1484 511 1532 553 (p.
1549 512 1623 542 183.

919 562 947 580 c.
961 555 991 581 1.
1007 552 1078 593 40.)
1101 552 1207 582 Imm.

967 612 1002 617 --
1018 605 1087 633 pen.
1111 595 1244 636 πρόξενοι]
1268 595 1436 635 Προστάται
1455 595 1562 629 πόλεως
1575 597 1624 625 καὶ

918 637 1093 675 φροντισταί.
1115 638 1223 668 lom.

961 680 1000 709 Ρ.
1009 683 1111 713 498.
1092 695 1124 712 0.
1135 693 1146 709 ο
1159 680 1244 710 τοίνυν
1252 680 1394 719 μάλιστα
1405 680 1516 711 πάντων
1525 680 1624 721 οἶμαι]

916 721 965 760 (ρ.
987 724 1060 753 183.
1077 735 1104 752 o.
1121 727 1152 752 ⁶2.
1169 723 1240 763 41.)
1257 721 1412 762 Ἐπίλογος.
1429 723 1467 758 εἷς
1483 723 1624 753 πολλὰδὲ

917 762 989 803 μέρη
1012 776 1058 794 τον
1077 764 1202 805 ἐπίλογον
1222 767 1322 806 διαιρε
1308 779 1330 802 ι,
1350 769 1484 807 πρῶτον·
1502 783 1515 790 -
1530 783 1543 789 —
1564 766 1624 796 ἅττ’

918 806 1022 836 ἄλλων
1045 807 1152 839 IDEM.

962 850 999 879 P.
1012 852 1086 881 504.
1099 854 1149 882 13.
1169 852 1256 893 ωςπερ
1269 852 1304 882 ἂν
1319 852 1344 882 εἴ
1357 863 1402 886 τις
1421 852 1555 891 μεγάλας
1571 851 1625 884 τὰς

918 891 1096 934 τιμωρίας]’
1099 895 1286 935 Αντιστροφῆ·
1301 896 1336 930 ὡς
1347 895 1390 925 τό·
1407 895 1440 925 ἂν
1453 894 1508 934 μὲν
1522 893 1576 924 δ’σα
1593 894 1626 923 ἄν

918 946 962 969 τις
973 935 1050 988 λάβιιη
1062 948 1108 966 και
1122 939 1213 979 σώσῃ,
1224 939 1354 978 μεγάλην
1364 938 1425 980 ἔχει
1439 938 1478 979 τῇ
1489 937 1567 979 τύχῃ
1579 940 1628 968 τὴν

917 979 1011 1019 χάριν,
1026 990 1058 1008 αν
1074 978 1098 1008 δ’
1113 980 1184 1009 ἀνα)
1169 982 1262 1032 Νούσοις
1275 980 1367 1022 λάθῃ,
1384 983 1561 1011 συνανάλωσε
1576 980 1625 1010 καὶ

919 1033 952 1050 το
944 1020 1130 1062 μεμνησθαι
1146 1033 1181 1051 τη
1199 1023 1275 1064 τύχη
1286 1026 1334 1053 τὴν
1346 1025 1436 1064 χάριν.
1460 1024 1569 1054 IDEM·

964 1065 1001 1093 Ρ.
1022 1066 1097 1095 506.
1113 1068 1144 1095 2.
1166 1066 1221 1093 τῶν
1236 1065 1441 1106 γραψαμένων]
1465 1068 1558 1107 Γραφη
1581 1065 1626 1096 δη-

919 1107 1004 1146 μοσίο
995 1107 1104 1140 υτινός
1113 1106 1191 1137 ἐστιν
1202 1105 1492 1148 εγκληματοςόνομα.
1508 1121 1536 1139 ου
1544 1120 1627 1148 μονον

920 1149 960 1184 δε,
973 1149 1038 1180 δ’ταν
1061 1149 1285 1189 ψηφίσματοςἰ
1273 1163 1287 1181 η
1308 1150 1391 1190 νόμου
1410 1163 1548 1193 κατηγορη
1571 1163 1629 1187 τις,

919 1194 1085 1232 παρανόμων
1105 1195 1211 1235 γραφὴν
1233 1193 1430 1233 ἀποφέρεσθαι
1451 1195 1499 1223 καὶ
1522 1195 1628 1235 γράφε-

919 1235 986 1265 σθαι
1008 1235 1135 1274 λὲγεται·
1157 1236 1236 1265 ἀλλὰ
1257 1236 1303 1266 καῖ
1326 1235 1372 1266 ἐπ’
1392 1236 1488 1270 ἄλλοις
1511 1237 1628 1271 πολλοῖς

919 1277 1061 1317 δημοσίοις
1077 1279 1250 1318 ἀδικήμασιν
1263 1279 1356 1309 πολλή
1370 1279 1433 1309 ἐστι
1453 1281 1555 1320 χρῆσις
1568 1282 1630 1314 τοῖς

918 1321 1054 1362 ῥητορσιν.
1076 1323 1185 1353 IDEM·

961 1383 1005 1387 —
1022 1367 1052 1395 3.
1074 1364 1291 1406 διεγράψατο]“
1294 1370 1373 1395 Οταν
1394 1365 1557 1406 ἅπαλλαγη
1577 1365 1628 1395 τοῦ

917 1405 1126 1447 ἐγκληματος
1115 1421 1127 1438 ο
1141 1408 1259 1448 φεύγων,
1267 1407 1281 1439 ἢ
1295 1419 1375 1438 κατα
1389 1408 1570 1450 συγχώρησιν
1578 1419 1629 1438 του

919 1449 1105 1491 διώκοντος,
1094 1464 1108 1482 η
1132 1463 1212 1481 κατα
1239 1451 1384 1489 διάγνωσιν
1407 1451 1555 1492 τυχόντος,
1579 1451 1629 1480 καῖ

917 1493 1026 1532 μηκέτι
1051 1496 1130 1534 παρὰ.
1154 1493 1269 1534 μηδενὸς
1293 1493 1463 1532 ἐγκαληται,
1487 1495 1627 1535 διαγραφῆ

917 1535 1036 1575 λέγεται
1052 1537 1119 1567 τότε
1135 1537 1220 1572 δίκης.
1246 1537 1355 1567 [nm.

961 1581 999 1609 P.
1022 1582 1098 1610 508.
1118 1584 1150 1610 1.
1166 1578 1354 1621 διαδικασίαν]
1377 1579 1428 1621 (p.
1449 1581 1524 1610 186.
1543 1590 1573 1609 c·
1594 1582 1626 1610 2.

917 1621 989 1663 21.)
1006 1622 1190 1660 Διαδικασία,
1203 1626 1217 1655 ἦ
1233 1622 1370 1663 ἐπίκρισις
1390 1640 1402 1645 -
1420 1640 1433 1645 -
1450 1640 1463 1646 -
1488 1622 1559 1654 πότε
1571 1623 1626 1664 χρῆ

917 1667 1084 1706 λειτουργεῖν
1096 1666 1209 1701 αὐτούς.
1231 1668 1246 1696 Ι
1252 1677 1272 1696 D
1279 1677 1342 1696 ΕΜ.

960 1709 999 1739 Ρ.
1013 1712 1089 1740 511.
1106 1714 1136 1740 1.
1149 1708 1325 1749 συνδικῆσαι]
1345 1710 1548 1748 Συμφωνῗίσαι.
1563 1706 1628 1737 σύν-

918 1753 997 1788 δικοι,
1019 1753 1041 1782 οἳ
1064 1751 1091 1783 ἓν
1113 1754 1180 1787 ταῖς
1200 1752 1290 1787 δίκαις
1312 1750 1411 1788 ζοηθοῖ,
1432 1752 1455 1781 οἱ
1477 1751 1628 1790 συνήγοροι,

917 1806 984 1826 οταν
995 1794 1117 1830 πλείονες
1131 1799 1243 1836 παρῶσι
1258 1794 1300 1835 τᾷἳ
1312 1796 1481 1835 πράγματι.
1504 1795 1616 1824 IDEM.

960 1855 1003 1861 —
1018 1841 1051 1869 3.
1065 1837 1170 1876 γέλοιον
1186 1838 1284 1880 (sic)]
1303 1837 1418 1873 Γέλοιος,
1431 1837 1443 1866 ὅ
1458 1836 1628 1876 καταγέλα-

918 1891 997 1915 στος·
1013 1882 1128 1919 γελοῖος,
1138 1881 1150 1911 ὁ
1165 1879 1360 1918 γελωτοποιός.
1382 1880 1490 1910 IDEM.

962 1925 1002 1954 Ρ.
1017 1927 1092 1955 513.
1110 1926 1142 1954 6.
1163 1923 1298 1964 ἐνδείξεις]
1310 1921 1450 1961 Ἔνδειξις,
1468 1922 1629 1960 αωολογία,

917 1965 965 1995 και
987 1965 1057 2001 εῖδος
1078 1966 1291 2007 κατηγορίας,η
1277 1969 1291 1996 ἦ
1312 1977 1368 1996 των
1385 1965 1542 2005 κακούργων
1562 1976 1629 2004 προς

917 2021 982 2044 τους
996 2009 1091 2040 ἕνδεκα
1106 2011 1270 2050 παράδοσις·
1288 2008 1413 2039 ἕνδεκα”
1397 2019 1531 2049 αρχοντες
1545 2007 1628 2038 Ἀθή-

917 2063 1002 2093 νησιν,
1015 2050 1053 2088 οις
1063 2052 1236 2093 παρεδίδοντο
1250 2065 1272 2082 οι
1265 2050 1394 2091 εθανάτοιν
1403 2050 1630 2081 καταδικασθέν-

917 2105 977 2130 τες.
992 2095 1039 2125 καὶ
1054 2096 1162 2131 ἄλλως·
1176 2095 1221 2126 ἐάν
1233 2107 1277 2129 τις
1291 2095 1397 2133 ἄτιμος
1411 2106 1455 2129 ων,
1465 2094 1478 2125 ἢ
1492 2095 1628 2134 ὢφληκὼς

917 2138 962 2177 'tq-'5
979 2138 1114 2178 δημοσίῳ,
1131 2139 1179 2168 καὶ
1199 2142 1260 2191 (⁴³)-
1258 2138 1422 2172 ἐκτετικως,
1442 2137 1539 2178 ἄρχειν
1554 2136 1568 2167 ἢ
1589 2138 1630 2166 δι-

917 2172 987 2220 κάζε
990 2193 1012 2211 ιν
1026 2181 1112 2223 ἔπιχε
1115 2181 1188 2222 ιροίη,
1209 2184 1307 2212 τοῦτον
1327 2179 1483 2210 ἐνδείκνυσιν
1501 2179 1513 2208 ὁ
1532 2178 1629 2210 Coum-

916 2235 998 2263 μενος
1010 2227 1066 2255 τῶν
1081 2227 1214 2256 πολιτῶν·
1232 2223 1333 2265 ὁμοίως
1347 2235 1395 2254 και
1411 2222 1458 2253 τόν
1473 2222 1630 2252 ἀντιποιού-

917 2277 996 2307 μενον
1018 2268 1180 2308 πράξειιμν
1169 2281 1183 2299 η
1209 2267 1293 2299 πόνων
1318 2264 1548 2306 ἀπηγορευμένων
1569 2266 1630 2301 τοῖς

917 2310 1018 2349 νόμοις
1033 2310 1083 2342 οιον
1097 2323 1142 2341 τον
1154 2310 1326 2352 ηταιρηκότα
1338 2311 1389 2343 τῖῖς
1401 2311 1503 2349 ἀγορᾶς
1517 2308 1566 2338 καῖ
1579 2309 1630 2339 τοῦ

916 2353 1009 2392 λέγειν
1031 2353 1058 2384 ἔν
1082 2354 1126 2394 τᾷί
1147 2354 1237 2393 δήμῳ·
1261 2354 1305 2384 ἐ’τι
1328 2352 1375 2383 τον
1394 2355 1488 2385 κακῶς
1509 2351 1630 2391 λέγοντα

917 2398 982 2431 τοὺς
1011 2397 1255 2430 τετελευτηκότας
1287 2394 1399 2431 ἀδίκως·
1435 2405 1538 2425 επειτα
1570 2397 1631 2429 τοῖς

917 2439 1018 2471 ἁλοῦσι
1036 2440 1142 2470 τούτων
1161 2451 1231 2474 τινος
1249 2442 1376 2480 τιμῶσιν
1395 2451 1417 2468 οι
1437 2438 1583 2474 δικασταὶ,
1600 2438 1631 2467 τί

917 2485 971 2524 χρὴ
995 2482 1105 2519 παθεῖν,
1125 2483 1140 2514 ἢ
1154 2482 1305 2513 ἄποτίσαι·
1325 2482 1371 2513 ἤδη
1392 2480 1421 2512 δὲ
1441 2482 1490 2512 καὶ
1508 2480 1556 2512 ἐπὶ
1576 2483 1631 2511 τῶν

917 2526 1082 2566 φυγάδων,
1072 2527 1140 2557 σ’που
1154 2525 1209 2565 μὲν
1223 2526 1333 2566 ἔξεστι,
1348 2524 1511 2560 κατιόντων,
1523 2525 1538 2555 ἦ
1550 2524 1631 2554 ἔνδει-

918 2569 971 2609 ξις.
994 2569 1103 2600 IDEM.

962 2613 1001 2642 P.
1014 2615 1089 2643 514.
1105 2612 1135 2643 5.
1150 2611 1295 2652 χερνίβων]
1307 2610 1358 2653 (p.
1375 2612 1450 2641 187.
1466 2620 1494 2640 ο.
1511 2612 1542 2640 2.
1556 2608 1630 2647 35.)

919 2654 966 2686 Εἴη
985 2655 1018 2685 ἃν
1034 2653 1091 2685 ἄπο
1106 2653 1211 2690 εὐθείας
1228 2656 1280 2689 τῆς
1293 2652 1408 2707 χέρνιψ·
1430 2653 1585 2693 προπαροξ.
1600 2652 1631 2682 δὲ

919 2700 1005 2737 Ιῦτοιρα
1020 2710 1080 2733 τοις
1095 2716 1108 2722 -
1126 2716 1139 2722 -
1155 2715 1168 2722 ·
1182 2699 1376 2737 νιπτομένους.
1398 2696 1509 2727 Imm.

963 2742 1003 2770 Ρ.
1018 2743 1093 2773 517.
1112 2745 1215 2781 antep.
1235 2739 1372 2782 ελπίζειν]
1397 2738 1570 2778 Σημείωσαι,
1586 2736 1631 2767 δ’τι

919 2783 1074 2825 ἀδιαφόρως
1094 2785 1136 2824 τῷ
1150 2783 1300 2826 προσδοκᾷν
1317 2784 1365 2813 καὶ
1386 2782 1428 2821 τῷ
1448 2780 1572 2821 ἐλπίζειν
1585 2780 1631 2811 κέ-

919 2838 1037 2868 χρηται.
1060 2828 1169 2859 Itu-:m-

965 2871 1002 2901 P.
1016 2871 1091 2903 518.
1110 2875 1141 2902 1.
1153 2870 1251 2902 πάντα
1267 2869 1289 2898 δ’
1303 2868 1462 2908 ἀνθρώπινα
1476 2864 1629 2906 ἦγεισθαι]

919 2913 967 2954 (Ρ.
986 2916 1057 2944 188.
1079 2924 1108 2944 c·
1123 2918 1154 2945 2.
1177 2913 1249 2952 21.)
1271 2909 1304 2941 ‘ro'
1318 2910 1406 2951 μηδὲν
1424 2908 1621 2948 ἆπελπίζεινο
1606 2922 1632 2938 ο.

922 2968 954 2986 τ.
969 2957 999 2986 ἆ.
1018 2955 1212 2997 εὖμετάῖολα.
1233 2955 1342 2985 Inmt.

966 3000 1005 3029 Ρ.
1031 3002 1107 3032 519.
1130 3002 1162 3031 4.
1185 3000 1198 3029 ὃ
1220 3001 1262 3029 ν’ύν
1282 2997 1316 3027 ὢν
1338 2993 1492 3035 Διονύσιος]
1515 2993 1579 3035 Περι
1601 2991 1631 3024 οἷ.

924 3042 1076 3083 παροιμία·
1090 3043 1229 3076 Διονύσιος
1244 3051 1269 3070 εν
1284 3037 1406 3079 Κορίνθω.
1429 3038 1537 3069 Innu-

926 3089 945 3115 ‘2
962 3096 981 3115 τ
