1898 3356
262 201 345 243 358
838 200 1158 243 PRAEFATIO

264 305 386 344 Blasti
407 318 508 344 anno
529 311 646 345 1484.
693 308 878 347 Continet
899 316 1067 357 quatuor
1084 310 1197 348 Deni.
1214 307 1469 357 Philippicas,
1489 306 1601 344 Orat.
1615 306 1716 356 ejus-

264 366 353 404 dem
373 366 422 404 de
437 367 649 414 Haloneso,
670 374 708 406 et
725 368 773 407 de
790 369 968 413 Corona;
991 369 1106 419 hujus
1125 368 1286 407 dimidia
1306 373 1455 406 tantum
1476 380 1563 418 pars
1579 372 1716 405 exstat.

265 428 518 467 Orationibus
547 429 719 479 praetixae
754 437 843 468 sunt
873 431 1124 482 hypotheses.
1191 430 1351 469 Scholia
1381 429 1537 480 Ulpiani
1567 441 1613 466 ex
1642 427 1717 465 alia

264 502 377 528 manu
399 491 542 541 scripta
561 492 744 541 majorem
764 492 850 530 libri
870 499 1018 542 partem
1038 491 1266 533 conficiunt.

317 565 344 601 p
369 557 436 590 21.
454 557 574 592 2942.
605 554 704 592 Cod.
726 554 849 592 chart.
873 566 1022 601 recenS,
1044 560 1104 592 sat
1131 555 1329 605 eleganter
1352 553 1533 604 scriptus,
1562 551 1630 603 qui
1650 551 1716 588 ha-

264 614 331 651 bet
351 620 428 652 tres
450 615 563 652 Dem.
580 615 848 666 Olynthiacas,
869 615 1102 667 Philippicas
1121 616 1300 667 primam,
1315 614 1524 654 secundam
1545 620 1584 652 et
1604 626 1719 663 quar·
1776 626 1777 629 ¹

265 681 359 720 tam,
388 677 582 714 orationes
602 677 650 714 de
679 677 936 725 Chersoneso,
961 678 1010 717 ad
1034 679 1205 729 Philippi
1230 678 1448 729 epistolam,
1476 677 1526 714 de
1547 676 1718 718 Corona,

264 738 313 775 (le
333 738 429 775 male
450 738 558 776 obita
577 740 782 789 legatione,
803 741 985 779 adversus
1007 741 1169 779 Midiam
1190 748 1231 779 et
1246 740 1521 778 Timocratem.

319 812 345 849 p
364 804 429 837 22.
450 803 569 839 2943.
600 801 700 839 Cod.
732 803 870 841 memb.
894 816 985 841 saec.
1008 802 1097 841 XV.
1119 816 1196 854 quo
1221 803 1363 854 legitur
1383 803 1496 840 Dein.
1521 804 1620 838 orat.
1649 799 1720 838 ad-

269 875 398 900 versus
418 863 709 901 Aristocratem.

320 938 346 975 p
365 929 429 962 23.
450 928 569 962 2961.
597 926 699 962 Cod.
720 926 844 963 chart.
866 939 956 965 saeC.
982 927 1073 964 XV.
1096 928 1164 977 qui
1184 928 1361 966 continet
1380 928 1482 964 inter
1496 925 1616 963 multa
1635 924 1723 970 alia,

266 987 385 1024 vitam
408 986 681 1024 Demosthenis
702 999 748 1024 ex
769 987 947 1035 Libanio,
975 987 1151 1037 ejusdem
1175 989 1393 1028 encomium
1417 1001 1465 1026 ex
1486 987 1660 1025 Luciano
1680 991 1723 1023 ut

269 1049 434 1093 videtur,
455 1060 587 1085 omnes
610 1048 724 1087 Dem.
743 1049 953 1087 conciones
972 1049 1163 1100 politicas,
1185 1057 1266 1088 tum
1286 1050 1470 1089 adversus
1487 1048 1725 1099 Philippum,

268 1119 352 1149 tum
382 1111 487 1158 alias,
521 1111 692 1163 Philippi
724 1113 944 1163 epistolam,
971 1120 1067 1152 orat.
1099 1113 1214 1152 Dem.
1247 1113 1297 1151 de
1326 1113 1495 1157 Corona,
1525 1124 1582 1149 or.
1612 1110 1724 1148 fune—

270 1175 376 1212 brem
407 1186 494 1223 quae
525 1173 565 1211 in
594 1173 768 1222 ejusdem
798 1175 981 1225 operibus
1002 1175 1205 1226 reperitur.
1262 1175 1456 1213 Omnibus
1485 1171 1725 1211 orationibus

270 1234 442 1285 praefixae
474 1240 565 1272 sunt
599 1235 856 1286 hypotheses;
890 1236 1029 1285 aliquae
1059 1237 1206 1274 habent
1238 1236 1389 1274 scholia
1417 1235 1466 1273 ad
1503 1233 1725 1284 marginem,

268 1309 434 1347 quorum
456 1302 595 1333 auctor
612 1296 704 1333 mihi
726 1297 881 1347 ignotus
902 1305 976 1345 est,
997 1311 1162 1348 quorum
1179 1304 1309 1337 tamen
1328 1296 1514 1336 nonnulla
1534 1295 1625 1334 mihi
1646 1295 1725 1333 visa

268 1363 359 1395 sunt
377 1370 425 1394 ex
444 1356 614 1406 Ulpiano
635 1356 752 1395 fuisse
774 1358 977 1409 decerpta.

324 1432 350 1469 p
370 1422 437 1456 24.
451 1421 570 1456 2993.
590 1418 693 1456 Cod.
710 1420 834 1458 chart.
855 1433 947 1458 saec.
968 1421 1081 1458 XVI.
1102 1421 1140 1458 in
1157 1434 1249 1471 quo,
1264 1434 1352 1459 cum
1375 1419 1558 1459 brevibus
1575 1419 1726 1470 aliquot

270 1480 439 1530 scriptis,
462 1479 652 1519 habentur
678 1494 811 1520 omnes
834 1482 947 1520 Dem.
969 1496 1027 1520 or.
1051 1482 1241 1534 politicae,
1269 1489 1349 1521 tum
1371 1483 1555 1522 adversus
1576 1481 1726 1532 Philip-

270 1557 381 1594 pum,
413 1550 495 1581 tum
525 1543 624 1590 aliae,
657 1545 800 1594 quibus
834 1545 1005 1595 praefixae
1039 1552 1129 1584 sunt
1157 1545 1416 1597 hypotheses;
1450 1546 1630 1595 leguntur
1663 1544 1724 1582 vel

271 1607 418 1644 inserta
438 1605 497 1642 vel
516 1605 565 1643 ad
586 1608 798 1657 marginem
820 1607 968 1645 scholia
988 1621 1036 1645 ex
1058 1608 1241 1659 Ulpiano.

325 1682 352 1719 p
371 1672 436 1706 25.
457 1671 576 1705 2944.
607 1669 709 1707 Cod.
739 1670 862 1707 chart.
891 1682 970 1719 quo
990 1669 1091 1707 inter
1119 1676 1263 1707 caetera
1280 1669 1558 1716 continentur,
1581 1671 1729 1709 scholia

272 1730 431 1781 Ulpiani
454 1730 491 1767 in
514 1736 615 1768 orat.
646 1731 760 1769 Dem.
783 1732 929 1782 scripta
959 1732 1060 1769 bona
1082 1732 1149 1770 sed
1170 1733 1317 1771 recenti
1338 1745 1468 1779 manu,
1488 1734 1727 1785 hypotheses

273 1792 450 1841 ejusdem
475 1792 694 1830 orationum
719 1793 769 1831 de
799 1793 897 1831 male
927 1794 1034 1831 obita
1055 1793 1263 1844 legatione,
1297 1793 1484 1832 adversus
1513 1794 1729 1833 Androtio-

272 1869 375 1900 nem,
412 1854 589 1901 Midiam,
610 1856 903 1902 Aristomenem,
924 1856 1201 1902 Timocratem,
1231 1863 1270 1894 et
1303 1857 1520 1907 Leptinem,
1550 1858 1726 1908 ejusdem

275 1919 401 1955 oratio
422 1917 469 1954 (le
493 1918 662 1956 Corona.

328 1994 354 2030 p
374 1983 439 2018 26.
467 1982 573 2019 2995
595 1982 641 2017 A.
676 1980 778 2018 Cod.
807 1981 930 2020 chart,
958 1995 1035 2032 quo
1068 1981 1170 2019 inter
1203 1988 1344 2018 caetera
1373 1982 1623 2020 continentur
1640 1995 1731 2033 pars

278 2041 524 2092 Olynthiacae
559 2042 694 2092 prim-<e
726 2043 806 2080 sine
840 2042 964 2089 initio,
997 2056 1086 2093 pars
1118 2043 1351 2093 Philippicae
1376 2044 1511 2093 primae
1534 2044 1614 2082 sine
1636 2043 1729 2089 fine,

276 2109 358 2140 tota
380 2103 493 2140 Dem.
515 2115 573 2140 or.
594 2103 643 2140 de
673 2103 841 2151 Corona,
872 2111 953 2142 tota
973 2105 1149 2154 ejusdem
1171 2117 1227 2143 or.
1250 2104 1433 2143 adversus
1452 2105 1729 2153 Timocratem,

278 2165 457 2215 ejusdem
478 2178 534 2204 or.
556 2165 605 2203 de
626 2166 725 2203 male
746 2167 856 2204 obita
875 2167 1083 2217 legatione,
1104 2166 1240 2218 paucis
1258 2167 1412 2205 omissis
1432 2168 1481 2206 ad
1503 2167 1633 2206 finem.

331 2241 356 2277 p
381 2231 447 2268 27.
465 2230 585 2268 2997.
616 2228 716 2266 eod.
743 2228 868 2267 chart.
900 2241 990 2267 saec.
1024 2229 1112 2268 XV.
1144 2229 1182 2266 in
1212 2241 1292 2279 quo
1311 2229 1518 2277 habentur,
1539 2230 1732 2268 orationes

280 2292 394 2329 Dem.
424 2292 473 2329 de
501 2291 598 2330 male
618 2291 728 2330 obita
752 2292 962 2342 legatione,
992 2292 1042 2330 de
1067 2292 1270 2339 classibus,
1298 2293 1347 2330 de
1378 2293 1593 2332 ordinanda
1619 2307 1734 2344 repu-

281 2352 399 2399 blica,
419 2353 468 2390 de
488 2352 634 2392 foedere
651 2353 912 2402 Alexandreo,
931 2354 979 2393 de
1001 2367 1148 2392 corona
1167 2354 1303 2400 navali,
1325 2361 1423 2393 orat.
1444 2354 1616 2393 funebris
1635 2354 1735 2393 inter

283 2414 397 2451 Dem.
419 2425 553 2464 opera,
574 2414 772 2454 orationes
791 2416 972 2455 adversus
988 2417 1267 2462 Timocratem,
1288 2417 1503 2467 Leptinem,
1519 2418 1735 2464 Cononem,

280 2475 603 2524 Aristogitonem,
635 2477 861 2527 Aphobum‚
892 2479 1119 2526 Onetorem,
1141 2478 1356 2529 Cononem,
1377 2479 1679 2517 Nausimachum
1698 2486 1737 2517 et

283 2535 554 2585 Zenopithem,
582 2536 783 2586 Spudiam,
815 2539 1158 2590 Olympiodorum‚
1186 2540 1455 2588 Zenothemin,
1486 2540 1737 2592 Dionysodo-

282 2611 382 2644 rum,
404 2596 688 2646 Nicostratum,
716 2612 789 2649 pro
810 2601 1058 2649 Phormione,
1078 2601 1261 2640 adversus
1290 2603 1468 2641 Boeotum
1487 2602 1536 2640 de
1557 2603 1711 2641 nomine
1722 2618 1735 2649 2

282 2660 476 2699 nonnullis
495 2661 737 2700 orationibus
757 2663 1016 2715 praefiguntur
1039 2664 1292 2716 hypotheses

339 2735 366 2772 p
385 2726 450 2760 28.
471 2725 590 2760 3004.
618 2722 718 2761 Cod.
738 2725 899 2763 membr.
922 2738 1000 2764 saec
1020 2726 1132 2764 XVI.
1154 2725 1223 2776 qui
1242 2725 1361 2763 habet
1379 2725 1581 2765 AEschinis
1610 2740 1667 2766 or.
1687 2726 1737 2765 de

287 2784 442 2822 Corona
462 2797 551 2822 cum
571 2784 795 2836 hypothesi,
816 2787 1093 2826 Demosthenis
1112 2800 1170 2826 or.
1190 2786 1240 2825 de
1261 2787 1429 2826 Corona.

341 2859 367 2897 p
388 2850 455 2884 29.
483 2849 601 2884 3012.
642 2846 744 2884 Cod.
779 2848 961 2901 bombyc.
994 2862 1095 2887 anno
1129 2847 1275 2887 Christi
1312 2854 1418 2889 1382
1449 2851 1630 2902 scriptuS,
1658 2863 1738 2901 quo

289 2910 390 2946 inter
408 2914 550 2946 caetera
570 2910 830 2958 continentur,
846 2911 994 2949 initium
1014 2910 1263 2963 Olynthiacae
1281 2911 1464 2950 secundae
1484 2926 1570 2950 cum
1591 2912 1739 2963 aliquot

290 2971 449 3022 Ulpiani
471 2971 643 3017 scholiis,
672 2978 753 3010 tota
784 2972 1019 3022 Olynthiaca
1045 2973 1168 3024 prima
1190 2981 1227 3012 et
1248 2979 1330 3011 tota
1359 2975 1479 3024 prima
1500 2974 1737 3026 Philippica,
