1914 3372
632 498 1066 562 SCHOLIA‚

125 643 526 680 MOSCHOPULEA
554 645 586 679 E
611 646 814 682 CODICE
846 646 1229 684 BARROCCIANO
1257 647 1290 681 A
1315 645 1589 691 TAYLORO,

838 780 879 800 ET

138 876 171 911 E
196 876 481 920 BAVARICO,
506 877 844 922 AUGUSTANO,
873 878 1249 922 LESSINGIANO,
1276 880 1310 914 A
1337 878 1575 923 REISKIO,

693 993 1017 1041 EXSCRIPTA,

207 1102 304 1133 UNA
328 1100 430 1134 CUM
452 1102 722 1136 LUTETIANIS
745 1104 1022 1140 MINORIBUS,
1048 1105 1290 1138 HACTENUS
1314 1105 1503 1142 OMISSIS‚

428 1204 487 1242 IN
518 1204 684 1243 UNUM
716 1184 943 1244 CINNUM
975 1206 1274 1245 CONJECTA.

772 1347 930 1354 -φ-

119 1448 330 1486 SCHOLIA
352 1447 642 1498 Moschopulea
662 1446 841 1497 insignivi
862 1446 984 1483 literis
1008 1447 1191 1485 MoscH.

175 1510 236 1548 De
276 1509 443 1548 Scholiis
483 1508 689 1555 Bavaricis,
733 1521 821 1559 quae
862 1508 984 1546 literis
1024 1509 1135 1546 BAv.
1173 1509 1366 1559 insignivi,
1405 1509 1587 1548 Reiskius

119 1571 254 1610 istaec:
284 1575 309 1592 “
331 1572 376 1609 In
406 1571 596 1610 Bavarico
623 1570 791 1623 duplicis
820 1577 930 1609 erant
956 1572 1109 1621 generis
1138 1572 1312 1618 Scholia,
1331 1572 1404 1610 alia
1426 1586 1449 1610 a
1472 1585 1588 1611 manu

118 1634 280 1685 antiqua
302 1640 460 1672 exarata
478 1633 632 1684 (eadem
660 1646 750 1684 quae
775 1638 900 1672 totum
922 1634 1101 1672 codicem
1123 1635 1326 1684 exaravit),
1347 1635 1423 1674 alia
1445 1649 1468 1674 a
1487 1649 1589 1674 nova

117 1696 350 1734 sordidiore.
409 1696 644 1734 Posterioris
663 1696 817 1746 generis
839 1696 1000 1743 scholia,
1018 1709 1105 1747 quae
1126 1697 1220 1735 mihi
1241 1697 1476 1736 videbantur
1500 1699 1588 1736 Mo-

118 1759 300 1810 schopuli
326 1772 424 1805 esse,
447 1758 657 1810 deteriora,
684 1772 799 1810 paene
823 1759 1070 1797 solummodo
1091 1759 1364 1809 interlinearia,
1384 1760 1587 1800 vocabulis

119 1821 341 1859 brevissime
361 1834 431 1873 per
450 1821 523 1859 alia
541 1821 745 1860 intellectu
766 1821 942 1860 faciliora
961 1822 1206 1861 declarandis
1227 1823 1436 1870 destinata,
1453 1822 1586 1861 omisi:

116 1884 349 1923 vestustiora
367 1890 499 1922 autem
518 1883 583 1922 illa
603 1897 693 1922 cum
713 1883 798 1935 ipse
818 1884 1124 1934 exscripsissem,
1142 1884 1210 1923 sed
1231 1885 1312 1923 sine
1334 1884 1486 1935 ordine,
1506 1885 1588 1923 dis-

111 1946 232 1996 jectis
253 1946 292 1984 in
315 1946 482 1993 schedis,
508 1947 547 1984 in
568 1946 762 1984 mandatis
787 1945 881 1984 dedi
906 1946 1071 1985 Heslero
1097 1960 1198 1994 meo,
1221 1952 1264 1985 ut
1295 1961 1342 1985 ex
1362 1946 1499 1985 ordine
1521 1947 1587 1985 illa

117 2009 247 2047 denuo
263 2023 310 2047 ex
330 2009 418 2060 ipso
437 2008 578 2048 codice
595 2008 783 2046 Bavarico
800 2009 1064 2055 exscriberet;
1087 2009 1193 2060 quod
1211 2009 1273 2047 ille
1287 2022 1360 2060 pro
1376 2022 1483 2047 more
1499 2023 1588 2054 suo,

115 2078 156 2109 et
177 2077 356 2122 prompte
377 2078 497 2122 atque
516 2070 713 2121 expedite,
734 2076 773 2108 et
793 2070 966 2110 fideliter
985 2071 1248 2124 feliciterque,
1265 2079 1472 2110 exsecutus
1490 2072 1588 2110 est.'’

171 2134 230 2171 De
270 2133 440 2171 Scholiis
470 2132 723 2183 Augustanis,
755 2146 844 2183 quae
874 2133 996 2171 literis
1027 2135 1142 2172 AUG.
1181 2133 1375 2185 insignivi,
1404 2133 1585 2172 Reiskius

116 2196 225 2234 haec:
257 2198 282 2216 “
303 2195 551 2233 Scholiorum
585 2196 905 2246 Augustanorum
937 2203 1087 2247 partem
1119 2196 1181 2234 vix
1206 2197 1357 2236 tertiam
1389 2198 1584 2249 Hierony-

116 2271 200 2296 mus
219 2256 384 2297 Wolfius
405 2256 598 2304 ediderat,
619 2264 659 2296 et
679 2271 766 2296 eam
786 2258 945 2309 quidem
965 2272 1100 2310 parum
1122 2259 1305 2298 fideliter.
1365 2260 1447 2310 Ego
1468 2259 1585 2311 plena

115 2329 152 2359 et
173 2322 274 2359 bona
297 2319 378 2360 fide
395 2320 566 2367 reddidi,
587 2320 718 2371 quoad
740 2321 818 2371 legi
840 2327 1037 2372 poterant.
1096 2323 1225 2360 Multa
1245 2323 1347 2360 enim
1373 2322 1583 2373 bibliopegi

114 2383 291 2421 cultellus
308 2383 538 2429 abstulerat,
553 2382 675 2421 multa
693 2389 901 2430 vetustate,
921 2383 1046 2431 fumo,
1068 2385 1268 2431 sordibus,
1289 2385 1462 2423 contritu
1483 2385 1584 2435 digi-

115 2451 242 2484 torum
271 2445 484 2484 obliterata
507 2451 633 2483 erant.
691 2446 821 2483 Simon
851 2446 1054 2484 Fabricius
1080 2446 1227 2497 optime
1257 2447 1314 2484 his
1346 2447 1395 2485 de
1424 2446 1583 2485 scholiis

116 2508 274 2546 meritus
298 2514 370 2555 est,
397 2509 516 2546 homo
536 2506 632 2546 alias
653 2507 691 2545 in
719 2507 838 2546 literis
860 2508 1065 2555 obscurus,
1088 2507 1249 2547 doctum
1276 2514 1405 2546 tamen
1436 2522 1522 2546 euni
1544 2514 1584 2546 et

115 2571 345 2609 industrium
364 2569 484 2609 fuisse
505 2576 672 2610 testatur
696 2583 816 2621 opera
843 2570 893 2608 ab
917 2584 964 2609 eo
992 2570 1049 2608 his
1071 2570 1108 2608 in
1129 2570 1284 2609 scholiis
1305 2585 1326 2609 e
1347 2571 1582 2609 membranis

115 2632 353 2684 Augustanis
368 2632 634 2671 exscribendis
654 2639 806 2670 navata.
838 2633 917 2677 Qui
938 2632 1010 2670 nisi
1025 2632 1126 2670 viam
1148 2633 1582 2678 mihicommunivisset,

70 2724 72 2727 ψ
115 2703 154 2734 et
178 2695 412 2747 compendia
437 2695 734 2742 vocabulorum,
758 2694 904 2745 quibus
930 2695 994 2733 illa
1022 2695 1172 2734 scholia
1195 2702 1352 2733 exarata
1375 2702 1498 2741 erant,
1522 2709 1580 2732 me

116 2757 326 2803 docuisset,
357 2758 510 2796 tametsi
540 2757 577 2795 in
608 2756 843 2807 quibusdam
875 2757 1006 2807 lapsus
1035 2763 1109 2802 est,
1135 2770 1335 2808 nunquam
1363 2771 1436 2807 ego
1466 2769 1583 2794 ausus

117 2834 239 2858 essem
259 2833 306 2858 ea
325 2820 559 2859 exscribere.
617 2819 709 2857 Non
728 2819 908 2858 Fabricio
934 2819 1174 2871 imputandae
1196 2827 1286 2859 sunt
1305 2827 1385 2858 tam
1413 2820 1579 2866 crebrae,

117 2889 154 2920 et
174 2888 253 2919 tam
269 2881 474 2920 abnormes
487 2879 816 2933 παραδιορθώσεις,
837 2894 925 2932 quae
939 2881 1170 2920 Wolfianam
1188 2882 1323 2920 horum
1341 2880 1580 2919 scholiorum

116 2943 325 2982 editionem
344 2942 602 2989 dedecorant,
626 2943 692 2981 sed
714 2942 789 2993 ipsi
810 2942 968 2994 Wolfio,
984 2945 1067 2995 qui,
1083 2957 1172 2994 quae
1192 2943 1319 2981 minus
1335 2942 1581 2993 intelligeret,

117 3006 245 3044 statim
273 3005 464 3043 arbitratu
494 3018 564 3043 suo
594 3004 772 3053 mutavit,
802 3006 1034 3056 plerumque
1062 3004 1099 3044 in
1129 3004 1257 3056 pejus,
1286 3012 1351 3044 aut
1382 3005 1419 3043 in
1452 3005 1579 3044 locum
