2014 3356
325 215 352 255 2
759 211 1118 255 HIERONYMI
1150 213 1373 256 WOLFII

649 326 766 366 Mors
784 327 913 379 aufert
921 330 1096 380 fleveram,
1117 331 1155 365 et
1173 328 1316 365 retinet
1336 338 1467 365 senes.-

652 389 810 429 Occulto
829 390 998 428 arbitrio
1019 394 1192 440 tempora
1211 387 1399 427 dividens.

330 482 445 529 Nam,
461 481 622 532 injusto,
638 482 784 531 dicere,
806 483 914 521 nefas
934 490 1006 523 est.
1064 485 1165 528 Quae
1182 484 1213 522 si
1235 496 1293 522 me
1314 495 1475 533 quoque
1494 479 1645 519 tardius
1661 480 1797 519 abstu—

328 542 428 590 lerit,
449 549 488 580 et
507 543 655 582 diutius
675 544 803 583 vivere
819 557 934 595 passa
954 544 1084 590 fuerit,
1107 558 1265 595 operam
1287 543 1455 582 dandam
1476 555 1561 580 esse
1580 555 1734 589 censeo,
1755 546 1800 579 ut

328 605 414 654 ejus
435 618 594 655 quoque
613 599 814 657 temporiS,
843 607 949 656 quod
981 607 1189 656 supererit,
1219 607 1250 643 si
1279 605 1372 653 quid
1404 617 1605 655 superesse
1634 602 1802 641 voluerit

332 667 455 713 Deus,
486 668 649 706 reddere
675 669 819 718 possim
849 668 1052 706 rationem.
1111 670 1170 703 Ac
1200 667 1249 704 ad
1278 679 1377 704 nova
1408 679 1528 716 opera
1548 664 1703 703 edenda
1721 677 1801 702 non

329 741 412 766 esse
434 728 699 778 adjiciendum
720 729 903 774 animum,
925 727 1127 778 complura
1151 740 1210 764 me
1231 727 1456 765 admonent.
1513 728 1571 764 Ea
1589 738 1681 764 vero
1711 737 1800 776 quae

331 790 381 827 ab
401 803 503 827 anuo
521 790 742 827 servatoris
764 795 882 828 1548.
912 802 1035 838 usque
1065 788 1114 826 ad
1145 788 1249 826 hunc
1278 792 1398 826 1566.
1428 788 1542 825 variis
1571 787 1610 824 in
1637 786 1735 825 locis
1764 790 1803 823 et

332 851 475 901 saepius
496 850 617 897 edita,
638 850 906 901 distractaque
928 855 1030 896 sunt,
1059 856 1098 887 et
1117 863 1138 887 a
1159 849 1343 887 studiosis
1370 849 1592 888 hominibus
1613 852 1802 900 expetun-

333 918 409 958 tur,
439 912 587 959 limare,
620 920 738 961 atque
769 912 1087 950 annotationibus
1118 910 1323 958 illustrare,
1353 917 1392 949 et
1416 910 1577 961 publice
1608 909 1699 947 utile
1720 921 1803 946 esse

333 973 499 1021 videtur,
515 980 554 1012 et
569 974 618 1012 ab
634 973 764 1012 officio
785 987 870 1012 meo
886 986 962 1011 non
982 974 1172 1012 alienumz
1195 986 1273 1011 non
1296 973 1404 1023 quod
1425 986 1484 1010 me
1502 984 1651 1023 sperem
1666 983 1804 1021 exspe-

333 1034 497 1072 ctationi
517 1034 714 1072 hominum
736 1034 827 1072 satis
854 1047 938 1072 esse
968 1033 1174 1080 facturum,
1198 1046 1314 1084 quam
1343 1033 1535 1073 sustinere
1561 1032 1669 1070 nullo
1688 1031 1805 1069 modo

333 1108 518 1146 possum3
541 1096 608 1133 sed
629 1101 672 1133 ut
692 1096 847 1133 tandem
869 1109 928 1139 ea,
945 1108 1032 1146 quae
1048 1095 1140 1133 olim
1155 1095 1331 1146 promisi,
1352 1101 1554 1145 utcunque
1577 1099 1806 1145 appareant,

334 1169 460 1207 eaque
487 1156 734 1207 perficiendi,
762 1169 850 1206 quae
873 1169 995 1194 annos
1015 1156 1159 1194 abhinc
1180 1156 1336 1194 XVIII.
1358 1156 1551 1202 inchoavi,
1571 1168 1649 1193 non
1669 1155 1805 1192 volun-

334 1224 470 1264 tatem,
492 1218 561 1256 sed
579 1218 807 1258 facultatem
828 1217 1000 1256 defuisse
1019 1217 1128 1263 mihi,
1149 1223 1315 1255 constet.
1371 1217 1473 1256 Nam
1502 1216 1667 1267 ingenue
1687 1228 1807 1266 agno-

337 1294 419 1326 sco,
441 1281 480 1319 in
500 1294 559 1319 me
580 1280 843 1319 Horati-anum
864 1279 959 1317 illud
981 1279 1060 1318 dici
1082 1291 1220 1329 posse:

984 1383 1243 1436 —Amplzora
1262 1386 1385 1435 coepit,

664 1446 832 1485 Institui
847 1461 859 1485 .-
889 1450 1069 1485 currente
1087 1451 1176 1484 rota
1195 1459 1264 1486 cur
1283 1459 1421 1485 urceus
1438 1447 1549 1485 exit?

341 1553 601 1590 Decreveram
621 1550 723 1588 enim
737 1549 868 1599 justos
890 1549 927 1587 in
949 1549 1177 1593 Isocratem,
1200 1548 1507 1587 Demosthenem
1528 1553 1568 1586 et
1587 1547 1810 1586 AEschinem

340 1613 509 1652 scribere
531 1611 846 1650 commentarios.
904 1611 980 1648 Sed
1010 1611 1164 1658 ingenio
1193 1617 1233 1648 et
1261 1610 1476 1649 valetudini
1504 1623 1642 1662 parum
1672 1609 1811 1656 fidens,

339 1673 557 1712 consultius
584 1686 667 1711 esse
693 1672 810 1719 duco,
835 1672 937 1710 intra
957 1672 1292 1723 grammaticarum
1312 1672 1609 1712 annotationum
1627 1679 1812 1723 angustos

337 1735 482 1774 limites
502 1749 563 1773 me
585 1734 801 1780 continere,
822 1748 967 1783 eosque
983 1735 1033 1773 ab
1054 1734 1224 1785 Ulpiano
1244 1734 1440 1785 auspicari
1459 1748 1468 1772 :
1497 1747 1546 1772 ne
1575 1747 1634 1781 ea,
1663 1746 1752 1783 quae
1782 1733 1813 1771 is

339 1797 537 1850 exposuit,
559 1810 578 1835 a
602 1811 661 1835 me
678 1797 809 1835 denuo
830 1797 912 1835 sine
928 1797 1059 1836 fructu
1080 1797 1337 1835 inculcentur.
1395 1796 1550 1840 Quibus
1578 1802 1708 1834 autem
1737 1793 1814 1833 dis-

339 1859 581 1897 ficultatibus
611 1859 896 1910 corruptissimi
924 1866 964 1897 et
993 1858 1158 1897 mutilati
1181 1858 1329 1897 codicis
1356 1857 1626 1908 interpretatio
1647 1870 1706 1896 me
1726 1855 1814 1895 fati-

339 1921 453 1972 garit,
482 1921 514 1958 is
546 1921 712 1959 fortasse
732 1921 882 1971 credet,
903 1921 971 1971 qui
991 1922 1137 1959 Graeca
1157 1919 1309 1971 legerit,
1332 1919 1516 1969 idemque
1536 1919 1684 1958 veniam
1704 1918 1814 1956 dabit

340 1983 492 2034 opinor,
514 1983 545 2020 si
568 1996 670 2021 nunc
687 1983 802 2021 etiam
825 1983 929 2022 velut
950 1984 988 2021 in
1012 1983 1172 2022 salebris
1195 1983 1340 2021 haerere
1363 1996 1422 2021 me
1443 1982 1597 2021 viderit.
1655 1982 1706 2020 Et
1725 1994 1813 2020 cum

341 2046 476 2084 Graeci
496 2046 673 2084 rhetores
692 2047 732 2083 in
759 2045 927 2083 artificio
948 2047 1195 2097 explicando,
1223 2047 1335 2084 variis
1365 2046 1576 2096 figurarum
1596 2045 1815 2084 nominibus

341 2114 514 2155 utantur,
545 2108 689 2158 quibus
720 2121 807 2155 quae
836 2108 974 2143 Latina
1006 2108 1284 2155 respondeant,
1313 2107 1445 2146 videre
1465 2108 1570 2147 haud
1591 2108 1705 2146 facile
1731 2115 1814 2148 est:

341 2170 631 2219 qualiacunque
651 2181 722 2218 pro
744 2167 789 2205 iis
803 2168 841 2204 in
859 2167 1113 2205 conversione
1131 2167 1357 2213 substituta,
1374 2169 1477 2219 sequi
1496 2170 1667 2219 bonique
1686 2170 1814 2216 faciet,

342 2231 516 2281 mihique
538 2232 731 2280 ignoscet,
754 2228 877 2266 sicubi
908 2241 967 2266 me
997 2229 1058 2266 vel
1087 2235 1215 2266 errata
1248 2229 1396 2267 codicis
1430 2230 1468 2267 in
1500 2243 1671 2268 errorem
1700 2232 1815 2270 indu-

342 2298 491 2337 xerunt,
514 2292 572 2329 vel
593 2291 756 2341 argutiae
777 2290 1002 2341 sophisticae
1022 2289 1261 2329 fefellerunt.
1319 2290 1401 2328 Illis
1422 2297 1550 2329 autem
1571 2305 1815 2341 nequaquam

342 2353 546 2398 assentior,
579 2352 646 2403 qui
678 2352 778 2389 hanc
806 2351 1052 2403 farraginem,
1074 2366 1095 2391 e
1116 2353 1229 2390 variis
1248 2353 1308 2402 (ut
1329 2352 1420 2390 satis
1441 2356 1620 2403 apparet)
1642 2355 1814 2402 scholiis,

344 2429 433 2466 quae
452 2415 622 2453 citantur
642 2414 800 2464 passim,
823 2413 1047 2460 conflatam,
1070 2414 1254 2465 judicant
1285 2414 1460 2453 inutilem
1486 2422 1702 2467 contraque
1728 2430 1816 2468 per-

344 2490 499 2515 suasum
521 2476 661 2522 habeo,
686 2481 729 2513 ut
749 2488 824 2513 non
840 2476 967 2514 omnia
993 2477 1223 2527 probentur,
1243 2489 1324 2522 eos,
1347 2477 1414 2527 qui
1434 2477 1636 2528 Virgilium
1658 2478 1814 2525 imitati,

344 2553 364 2577 e
386 2538 626 2576 stercoribus
647 2551 817 2588 gemmas
837 2538 978 2589 eligere
999 2539 1224 2585 didicerint,
1246 2538 1414 2578 fructum
1444 2552 1522 2577 non
1550 2541 1815 2591 poenitendum

344 2602 432 2640 hinc
463 2614 546 2639 esse
580 2606 847 2651 percepturOS.
906 2601 1025 2645 Quod
1059 2601 1097 2639 ni
1129 2602 1184 2640 ita
1214 2615 1298 2640 esse
1333 2608 1574 2653 compertum
1609 2602 1814 2642 haberem:

345 2676 531 2714 quorsum
552 2663 655 2700 inani
676 2662 811 2700 labore
833 2676 892 2700 me
911 2663 1136 2715 fatigarem?
1172 2663 1249 2702 Sed
1271 2677 1349 2702 rem
1371 2665 1509 2715 ipsam,
1531 2664 1618 2702 Deo
1633 2665 1819 2715 propitio,

343 2723 627 2775 aggrediamur,
649 2723 743 2761 illud
767 2724 930 2762 Lectore
958 2725 1064 2775 prius
1091 2725 1306 2771 admonito,
1328 2739 1371 2763 ea
1394 2738 1484 2776 quae
1515 2739 1535 2763 e
1558 2726 1813 2765 conversione

344 2800 428 2825 mea
445 2791 621 2824 correcta
632 2785 728 2823 satis
743 2791 783 2823 et
801 2787 1009 2838 perspicua
1027 2801 1110 2826 esse
1130 2788 1360 2833 existimem,
1378 2788 1440 2826 hic
1460 2801 1519 2826 me
1540 2794 1729 2839 repetere,
1749 2788 1816 2826 ‘lua

344 2853 393 2899 μὴ
416 2848 470 2891 δὶς
489 2851 510 2893 ἡ
532 2847 697 2898 κράμβη,
720 2847 904 2896 θάνατος,
934 2862 1008 2886 non
1030 2849 1304 2888 constituisse:
1334 2863 1459 2900 neque
1480 2850 1609 2888 delere
1629 2863 1814 2900 superva-

343 2923 475 2956 canea,
496 2923 624 2960 neque
646 2910 795 2948 inversa
817 2911 993 2961 redigere
1018 2911 1054 2948 in
1077 2911 1268 2958 ordinem,
1300 2925 1428 2962 neque
1456 2911 1582 2962 palam
1603 2911 1815 2962 depravata

343 2980 490 3011 mutare
511 2972 725 3010 dubitasse.
784 2973 826 3010 In
849 2986 926 3023 quo
950 2986 1025 3011 non
1057 2973 1208 3023 ignoro,
1237 2973 1320 3012 fore
1351 2972 1418 3024 qui
1449 2972 1596 3022 dicant,
1617 2985 1678 3011 me
1700 2972 1811 3010 nimis
