1898 3356
281 207 365 250 350

283 317 399 347 ratione
430 328 537 348 causae.
592 319 749 358 Siquidem
777 321 898 350 Oratori
924 331 982 350 non

283 364 397 390 tantum
417 371 493 400 opus
517 366 563 391 est
579 364 736 393 sententiis
757 364 984 397 ἀωοδεικτικαῖς,

284 404 394 442 quibus
409 414 530 434 causam
554 406 673 444 probet,
690 407 742 436 sed
759 406 848 435 etiam
866 405 983 441 ἧθικαῖς,

284 457 344 485 quo
366 448 517 483 ostendat,
539 458 571 477 se
597 458 667 479 esse
695 450 753 478 fide
779 449 924 487 dignum5
954 454 985 478 et

288 489 476 525 παθητικαῖς,
499 496 530 521 ut
550 492 587 520 ad
605 491 858 521 vehementiorem
881 502 985 530 quem-

285 532 366 571 piam
381 534 519 563 affectum
538 536 701 573 compellat
715 534 891 563 auditorem.
914 535 986 564 vid.

288 575 383 605 Arist.
401 576 584 606 Rbet.1ib.i.
600 588 666 616 cap.
683 581 712 608 Q.
726 583 755 606 et
772 578 899 607 Gerard.
915 578 984 607 Joh.

289 618 379 648 Voss.
398 619 496 649 instit.
513 621 632 651 Orator.
646 621 695 650 lib.
710 621 731 650 i.
748 631 814 659 cap.
829 625 856 651 2).
873 621 908 649 Iu
926 621 985 649 sin·

288 661 368 700 gulis
389 662 473 692 hisce
494 665 655 701 speciebus
678 664 790 693 multus
806 669 853 693 est.
875 663 986 692 Demo-

286 704 420 740 sthenes,
433 710 463 734 et
478 705 650 738 βιαιίτατος.

332 765 372 770 -
396 748 469 777 ibid.
500 759 571 787 pen.
602 748 727 789 Βοηθεία]
769 750 817 779 Ex
844 752 987 787 sequente

289 789 386 822 Barke!
386 803 417 820 αν
435 792 520 829 plane
536 798 656 822 natum:
674 793 842 822 lectissime
856 792 987 820 VVoltius

289 835 405 863 emend
407 834 461 862 ixit
481 846 525 863 w
513 834 647 875 ςοθυμίαῑ
684 835 761 865 infra
788 835 876 869 dicit,
901 835 987 873 ὥςπερ

285 874 492 915 ἐψηφισάμεθα
507 878 664 918 προθύμως.

330 938 372 943 --
395 921 466 948 ibid.
490 931 516 949 c.
541 924 569 950 2.
599 923 647 951 16.
676 925 734 950 ἦτοι
758 919 924 959 Ἰανουίιξιος]
951 920 987 948 In

287 968 363 992 orat.
378 963 415 991 de
427 963 544 991 Corona
561 974 592 1001 p.
609 967 679 992 121.
699 968 727 994 2.
744 963 792 992 ed.
809 970 900 991 nostr.
920 962 987 991 Mu-

285 1005 466 1044 nychionem
484 1016 550 1034 cum
564 1005 710 1036 Januario
726 1010 880 1044 comparat
895 1005 990 1034 Scho-

285 1048 405 1083 liastes3
429 1048 539 1077 ibidem
558 1049 646 1078 etium
664 1051 851 1088 Θαξγηλιῶνος
863 1048 990 1086 exponit

286 1090 461 1130 Ἀπριλλίου,
478 1102 551 1130 ergo
571 1102 627 1121 non
648 1094 708 1130 jam
730 1091 916 1129 Munychion
934 1091 989 1119 sed

287 1134 501 1164 Anthesterion
526 1135 583 1164 erit
600 1134 777 1164 Januarius:
805 1134 835 1162 in
860 1139 988 1171 utroque

288 1182 399 1212 autem,
422 1177 463 1205 nti
488 1177 535 1206 bic
555 1177 657 1212 etiam,
682 1177 800 1206 omnino
822 1177 947 1212 fallitur,
964 1176 988 1205 si

287 1220 325 1248 ad
353 1220 568 1249 Demosthenis
592 1225 709 1251 aetatem
738 1221 856 1249 reserat.
910 1219 989 1249 Vide

284 1267 384 1292 notam
403 1269 585 1301 sequentem.

331 1324 372 1328 —-
394 1306 468 1335 ibid.
494 1307 520 1340 ἲς
546 1307 606 1347 ἔχει
631 1306 720 1347 χρόνον
742 1305 816 1347 παρ’
834 1305 987 1345 Ἓλλησιν]

289 1349 384 1385 Quasi
404 1359 476 1378 vero
503 1351 578 1378 baud
598 1353 670 1379 satis
692 1355 794 1380 notum
816 1356 908 1384 esset,
928 1349 990 1378 He-

287 1393 521 1421 catombaeonem
559 1403 690 1422 mensem
722 1394 854 1422 Atticum
885 1392 991 1421 fuisse.

289 1436 419 1465 Omnino
445 1436 668 1464 rescribendum
697 1442 756 1471 est,
787 1435 845 1464 levi
876 1439 990 1463 tuntum

288 1478 462 1513 mutatione,
492 1477 519 1512 ὃς
545 1479 624 1518 ἄρχει
645 1479 739 1518 χρόνου
765 1477 992 1517 παξΗἘλλησιν,

287 1523 366 1560 quod
399 1521 518 1559 quidem
546 1523 626 1550 scire
653 1533 753 1560 operm
780 1521 910 1559 pretium
941 1521 990 1549 sit.

290 1566 451 1602 Utcunque
475 1566 512 1593 de
538 1564 691 1594 mensibus
717 1565 826 1594 Atticis
852 1563 930 1593 inter
959 1573 992 1591 se

288 1608 465 1645 discrepant
487 1613 639 1641 auctores,
664 1608 693 1636 iu
716 1608 773 1636 hoc
796 1616 900 1636 omnes
922 1616 992 1634 con-

289 1650 432 1685 sentiunt,
455 1650 668 1685 Athenienses,
697 1651 894 1687 undecunque
924 1648 993 1677 anni

291 1698 385 1732 caput
407 1693 603 1729 deduxerint,
621 1704 741 1732 semper
759 1692 992 1722 Hecatombaeo-

290 1747 356 1766 nem
397 1736 564 1774 principem
601 1737 746 1765 mensium
785 1735 995 1764 constituisse.

291 1780 368 1809 Cum
386 1778 478 1816 igitur
494 1779 682 1808 admiserunt
704 1789 811 1807 annum
829 1778 993 1812 julianum,

292 1822 379 1862 cujus
392 1821 509 1860 primus
520 1822 633 1851 mensis
649 1821 877 1856 estJanuarius,
889 1831 905 1849 e
922 1820 994 1848 sede

293 1875 347 1895 sua
371 1865 658 1894 Hecatombaeonem
680 1865 891 1893 deturbarunt.
908 1869 937 1892 et
965 1863 994 1892 in

291 1908 436 1940 Januario
466 1908 631 1947 principem
659 1918 791 1937 mensem
816 1911 995 1936 statuerunt.

294 1953 426 1981 Rursum
447 1961 514 1980 enm
536 1951 648 1980 mensis
668 1951 787 1989 Aprilis
812 1950 995 1979 constitutus

293 2000 372 2025 esta
393 1994 572 2023 Christianis
595 1994 735 2032 princeps
758 1993 902 2022 mensium
927 1991 996 2020 anni

291 2042 414 2078 propter
428 2037 552 2065 solenne
572 2036 740 2070 Pascbalis,
760 2036 995 2065 Hecatoxnbmon

293 2091 437 2119 quoque‹
430 2081 467 2108 ab
488 2079 721 2109 Atheniensibus
734 2079 915 2108 Christianis
935 2077 997 2106 col-

291 2124 410 2153 locatus
427 2122 516 2151 estin
534 2122 655 2160 Aprilis
676 2123 767 2151 sede:
793 2122 871 2151 unde
887 2121 997 2159 Muny-

294 2166 384 2196 chion
410 2175 476 2193 cum
502 2165 645 2194 Januario
670 2170 870 2203 comparatur.
903 2164 997 2193 Petit.

295 2208 430 2239 Miscell.
449 2208 501 2237 lib.
517 2208 581 2236 viii.
594 2219 661 2246 c..1p
675 2210 704 2238 6.
737 2208 817 2237 Vide
829 2207 919 2236 etiam
932 2207 996 2235 Du-

294 2257 376 2292 port.
397 2252 462 2280 loco
485 2261 576 2288 snpra
601 2252 706 2280 citato.
751 2250 936 2279 Scholiastes
960 2248 995 2277 ad

297 2300 372 2324 orat.
387 2299 492 2323 contra
510 2295 724 2326 Timocratem.
744 2304 774 2331 p.
792 2295 865 2322 ‘280-
887 2295 938 2322 29.
961 2291 998 2332 τῇ

296 2337 427 2368 ἑνδεκάτη
457 2338 506 2365 τοῦ
532 2336 784 2376 Ἑκατομβαιῶνος·
811 2332 838 2364 οἷ
841 2347 889 2369 τος
921 2325 997 2374 (noir

299 2386 330 2411 ut
346 2390 503 2419 perperam
525 2381 627 2409 editur
652 2380 679 2409 οὐ
699 2380 771 2419 γὰς)
803 2390 830 2408 νν
853 2379 864 2408 ὁ
891 2380 998 2418 ‘trgi-roc,-

296 2425 362 2463 μὴν,
379 2429 438 2452 etc.

340 2466 472 2495 —ibid.
502 2467 553 2495 24.
578 2465 656 2502 ἤγουν
678 2467 719 2495 τᾶ-
745 2463 911 2504 Βοηδξόμια]
938 2464 999 2493 Ad-

298 2510 464 2540 mirandum
488 2519 558 2538 sane
584 2515 631 2537 est
660 2509 812 2547 quomodo
839 2507 1001 2536 Sclioliasti

298 2556 404 2582 nostro
431 2551 460 2580 in
482 2556 610 2580 mentem
637 2552 763 2586 venerit,
784 2550 931 2589 Μυστήρια
946 2561 1001 2589 με·

298 2596 379 2634 γάλα
413 2599 443 2624 et
482 2593 645 2634 Βσηδςόμια,
679 2605 746 2633 quae
779 2594 861 2623 aliud
892 2594 1001 2622 festum

299 2643 396 2672 erant,
411 2638 621 2675 diversamque
644 2648 769 2676 prorsus
789 2636 933 2672 originem
951 2637 1001 2665 ba-

298 2682 403 2715 buere,
420 2680 508 2709 simul
530 2681 723 2709 confundere.
770 2679 935 2709 Probabile
955 2683 1003 2707 est.

298 2724 364 2754 haec
382 2724 475 2753 verba
490 2723 526 2751 ab
542 2723 683 2761 impe-nixo
699 2723 800 2761 aliquo
817 2722 845 2751 in
868 2722 1002 2761 margine

300 2768 424 2806 scripta.
438 2772 545 2805 postea
559 2766 588 2795 in
606 2771 723 2794 textum
737 2765 908 2803 irrepsisse.

343 2827 386 2833 -—
403 2809 478 2838 ibid.
506 2810 556 2839 33.
580 2807 758 2848 ἐπιπέμπει]
790 2810 864 2837 Cum
890 2807 1003 2837 Wolfio

302 2853 423 2893 πέμπει
440 2852 526 2890 lego:
551 2849 662 2889 alioq'ni
683 2863 738 2880 non
756 2856 848 2879 const·
844 2856 872 2879 it
887 2861 1002 2880 versus.

346 2897 383 2925 P.
399 2897 451 2925 56.
464 2905 491 2923 c.
508 2898 535 2924 1.
550 2897 601 2924 38.
620 2893 689 2922 πότε
703 2893 860 2935 ἀτυχησει]
879 2894 1003 2922 Redun-

303 2939 376 2968 dant
395 2938 469 2974 baec,
487 2938 617 2976 ideoque
637 2938 675 2966 ab
695 2937 754 2966 alio
770 2937 880 2976 quovis
904 2934 1002 2974 ἐξηγη-

302 2983 387 3016 τικῶς
401 2981 505 3010 addita
518 2980 697 3010 censuerim.

344 3041 385 3046 —-
397 3024 474 3054 ibid.
490 3028 590 3063 antep.
608 3020 797 3062 καταέαλεῖν]
827 3022 1001 3060 Legendum

695 213 1082 255 MOUNTENEII
1116 214 1293 256 NOTAE

1016 326 1090 360 puto
1106 321 1293 355 καταλαβεῖν.

1058 382 1100 386 -
1115 364 1191 394 ibid.
1209 375 1235 394 c.
1253 367 1282 394 2.
1300 366 1330 394 3.
1352 362 1495 403 ἀνέκοψεν]
1519 361 1601 400 Quid
1617 360 1714 400 sipre

1017 405 1145 444 ἀνέκοψεν
1159 407 1218 446 leg.
1236 405 1380 443 ἀνέκυψεν,
1394 404 1541 446 exsurgit?
1561 409 1594 435 ut
1609 413 1716 434 sensus

1017 450 1068 484 sit,
1095 450 1317 479 Demosthenes
1348 450 1378 478 in
1401 451 1538 487 sequent.
1568 445 1716 479 ostendit.

1018 502 1076 521 non
1097 492 1170 522 utile
1187 503 1254 522 esse
1278 492 1431 532 Olynthiis
1446 501 1535 530 opem
1553 490 1641 525 ferre,
1662 488 1716 518 sed

1018 535 1138 564 omnino
1153 536 1365 565 necessarium.

1060 596 1103 600 —
1132 579 1208 608 ibid.
1236 579 1290 608 uit.
1317 578 1381 612 τοὺς
1402 575 1552 618 νομίμους]
1583 575 1718 606 Wotfius

1019 621 1133 650 mavult
1147 633 1211 655 τους
1231 621 1340 661 νόμους,
1360 627 1411 650 aut
1430 631 1495 654 τους
1516 617 1636 659 κυςίους;
1661 618 1717 647 hoc

1020 664 1141 693 minime
1154 664 1264 703 placet,
1280 665 1353 694 illud
1374 664 1499 693 alterum
1514 668 1596 691 certe
1611 669 1717 691 verum

1020 713 1077 742 est,
1093 712 1181 746 atque
1198 708 1238 737 ita
1254 707 1329 744 legit
1342 707 1468 741 Petitus,
1481 706 1533 745 qui
1548 705 1616 734 loco
1626 713 1719 742 supra

1021 750 1140 779 laudato
1157 751 1211 780 boc
1224 751 1366 780 Scholion
1380 749 1462 779 citat.

1065 794 1102 822 P.
1118 795 1170 824 37.
1193 804 1221 822 c.
1247 798 1274 822 1.
1298 796 1328 823 ⁶2.
1351 794 1436 822 τοῦτο
1458 792 1485 822 δὲ
1512 789 1546 820 ’τό
1569 789 1644 829 ἔργον
1663 789 1719 818 τῶν

1021 835 1217 875 θεσμοθετῶν]
1242 836 1363 866 Petitus
1382 836 1450 865 loco
1467 844 1559 873 supra
1579 832 1717 862 laudato:

1020 882 1040 897 “
1055 879 1146 915 Quod
1162 879 1240 908 dicit
1255 880 1418 918 Ulpianus,
1433 877 1523 917 κρίνειν
1537 887 1601 909 τους
1613 875 1721 914 νόμους,

1020 923 1062 960 μῆ
1079 924 1139 954 πῶς
1153 920 1263 952 ἐναντίοι
1276 922 1408 955 αλληλοις
1416 920 1518 950 ἔλαθον
1531 918 1615 953 ὄντες,
1626 917 1722 948 fuisse

1021 964 1247 994 ''ihesmothetis
1262 975 1329 994 cum
1346 963 1538 995 Nomotbetis
1553 971 1724 1009 commune,

1023 1017 1125 1036 verum
1149 1013 1212 1045 est3
1246 1007 1306 1037 imo
1330 1007 1554 1037 ''lbesmothetae
1580 1005 1652 1034 huic
1677 1002 1723 1033 rei

1023 1056 1116 1088 caput
1132 1054 1162 1078 et
1185 1054 1323 1080 auctores
1343 1050 1490 1088 praecipui
1513 1052 1608 1082 erant,
1626 1052 1658 1076 ut
1672 1044 1724 1084 qui

1024 1096 1197 1122 tenerentur
1225 1091 1287 1122 καθ’
1314 1092 1431 1123 ἕκαστον
1458 1090 1576 1121 ἐνιαυτὸν
1606 1088 1726 1129 ἀκριβῶς

1023 1133 1164 1176 ἐξετάζειν
1178 1136 1202 1165 εἷ’
1215 1147 1259 1169 τις
1272 1134 1496 1176 ἀναγέγραπται
1515 1133 1595 1173 νόμος
1610 1130 1726 1164 ἐναντίος

1024 1177 1069 1207 ἑτε
1060 1190 1106 1217 :qu
1127 1178 1210 1217 νόμῳ.
1215 1178 1232 1191 ”
1258 1179 1352 1208 Vides
1376 1189 1443 1209 eum
1471 1187 1528 1206 non
1558 1184 1725 1214 agnoscere

1025 1231 1128 1250 vocem
1142 1221 1198 1251 τινέ
1202 1234 1224 1257 ς,
1246 1233 1312 1260 quae
1328 1232 1398 1251 sane
1414 1220 1543 1250 delenda
1560 1229 1627 1248 esse
1641 1218 1725 1248 vide-

1024 1268 1084 1299 tur,
1100 1265 1160 1293 nisi
1177 1276 1231 1304 pro
1247 1265 1377 1297 ἀλλήλοις
1391 1262 1532 1302 legatur
1524 1261 1635 1301 ετὲροις.

1067 1325 1108 1330 —-
1123 1307 1197 1337 ibid.
1215 1318 1281 1346 pen.
1305 1309 1384 1336 ἀλλὰ
1399 1308 1435 1337 σὺ
1457 1305 1543 1354 λύεις]
1566 1303 1725 1335 Morellius

1025 1350 1054 1379 in
1073 1361 1135 1380 ιω.
1152 1351 1221 1380 lect.
1244 1352 1285 1380 ita
1305 1351 1368 1380 11Ῥο
1389 1350 1473 1387 legit,
1490 1349 1535 1378 uti
1549 1358 1605 1378 nos
1629 1345 1727 1376 edidi·

1025 1404 1102 1422 muS.
1150 1395 1184 1422 ln
1217 1394 1271 1423 Ed.
1289 1393 1386 1423 Wolf.
1417 1394 1460 1422 ita
1485 1393 1548 1421 liaec
1575 1388 1725 1420 sententia

1025 1437 1214 1474 concipitur:
1245 1435 1420 1466 ἄντιωίπτον
1447 1432 1531 1465 ἔλυσε
1549 1432 1621 1463 ἱ*τὸν
1647 1432 1726 1471 νόμον

1026 1477 1111 1516 μηδὲν
1135 1478 1280 1510 εὐλαβηθέ
1259 1491 1320 1512 ιης.
1376 1479 1465 1517 Quod
1494 1478 1592 1506 minus
1618 1476 1728 1514 placet.

1028 1522 1171 1552 Fonasse
1191 1522 1353 1561 legendum
1379 1526 1444 1551 est:
1466 1522 1545 1550 ἀλλὰ
1568 1531 1603 1549 συ
1619 1517 1668 1547 λύε
1682 1515 1727 1546 τὸν

1025 1575 1091 1603 νθμᾶ
1082 1576 1114 1593 a-i(

1070 1625 1109 1629 —-
1125 1607 1198 1636 ibid.
1213 1618 1239 1637 c.
1253 1610 1282 1637 Q.
1295 1618 1363 1646 pen.
1380 1606 1422 1636 ὃτι
1439 1618 1466 1636 ου
1479 1605 1598 1644 δύναμαι

1027 1648 1165 1690 ἦμὲτερα]
1198 1650 1352 1679 Sententia
1379 1650 1513 1689 postulat
1532 1653 1564 1677 ut
1591 1648 1728 1686 legamus

1028 1692 1147 1730 δύναμαι
1236 1692 1314 1722 ,ἢδέαε
1333 1694 1418 1722 etsie
1431 1692 1554 1731 quidem
1568 1689 1728 1719 Morellius

1027 1735 1058 1764 in
1081 1736 1173 1764 variis
1198 1736 1392 1769 lettionibus,
1416 1741 1448 1765 ut
1473 1734 1562 1764 etiam
1590 1732 1728 1762 Wolfius

1028 1778 1186 1816 legendum
1204 1779 1286 1807 vult:
1310 1779 1338 1808 in
1359 1780 1424 1817 ejus
1447 1782 1546 1808 autem
1571 1776 1651 1806 Edd.
1675 1784 1729 1815 pro

1028 1820 1150 1860 ἡμέτερα
1175 1821 1289 1860 §.tarega
1308 1821 1475 1860 reperitur,
1497 1819 1576 1859 quod
1594 1819 1730 1859 profecto

1029 1864 1156 1902 propius
1171 1864 1298 1893 accedit.

1072 1908 1109 1936 P.
1123 1909 1175 1936 38.
1192 1918 1219 1936 c.
1238 1911 1265 1936 1.
1279 1910 1329 1937 12.
1353 1906 1445 1948 τύχης
1461 1904 1621 1945 ἡγούμενον]
1638 1903 1730 1934 Wol-

1032 1950 1087 1978 fius
1111 1949 1282 1979 certissima
1304 1949 1513 1979 emendatione
1536 1947 1641 1987 reponi
1664 1946 1731 1976 vult

1031 1993 1114 2033 εὖχης
1128 1994 1288 2032 ηγουμενος·
1281 2015 1289 2030 ,
1311 1991 1343 2021 τὸ
1358 1992 1433 2033 τύχη
1449 1991 1570 2021 omnino
1585 1990 1658 2019 nibil
1674 1989 1732 2018 huc

1030 2036 1179 2074 pertinet:
1204 2046 1273 2065 mox
1296 2036 1376 2065 idem
1397 2035 1554 2075 εὐπορῆσαι,
1571 2033 1651 2072 quod
1666 2042 1733 2061 sen-

1030 2079 1124 2108 tentia
1143 2079 1297 2117 postulat,
1290 2089 1296 2095 ·
1319 2078 1348 2107 εὗ
1364 2083 1394 2108 et
1408 2079 1426 2107 ἐι
1441 2088 1523 2117 saepe
1543 2076 1732 2106 librariorum

1031 2121 1146 2151 incuria
1162 2126 1321 2151 mutantur.

1074 2183 1116 2187 —
1141 2164 1217 2193 ibid.
1239 2168 1291 2194 42.
1315 2163 1393 2203 ὃργᾷν
1418 2162 1444 2192 ἒν
1467 2162 1559 2204 abi-p]
1586 2160 1732 2193 Omnino.

1033 2218 1100 2236 cum
1118 2207 1250 2246 Wolfio,
1265 2206 1289 2236 ἓν
1302 2206 1376 2247 αυτῇ
1388 2206 1558 2236 redundare
1573 2210 1666 2244 puto:
1683 2203 1732 2233 vel

1032 2250 1134 2301 potius
1155 2260 1210 2279 suo
1234 2251 1301 2279 loco
1323 2252 1442 2279 turbata
1468 2249 1506 2278 ad
1528 2246 1733 2288 praecedentia

1032 2292 1108 2333 ὄργια
1123 2295 1177 2322 τῶν
1191 2291 1257 2322 Θεῶν
1271 2292 1383 2322 retrahi
1398 2292 1521 2321 debere.

1074 2336 1206 2364 ——ibid.
1222 2346 1250 2364 c.
1266 2338 1295 2365 Ξ.
1314 2337 1366 2366 37.
1389 2334 1431 2373 τῷ
1444 2334 1593 2374 στόματι]
1619 2331 1733 2363 Motel-

1033 2378 1118 2408 lius
1110 2388 1138 2407 m
1157 2388 1218 2407 v.ar
1236 2378 1307 2407 lect.
1328 2378 1372 2407 uti
1389 2383 1419 2406 et
1435 2376 1607 2412 Wolfius,
1599 2387 1629 2405 ιη
1648 2377 1731 2405 Tnar-

1034 2422 1114 2459 gine,
1145 2421 1186 2450 τῶ
1213 2421 1335 2459 ’τι-νάματι
1365 2420 1464 2449 babet.
1519 2421 1662 2449 Fortasse
1692 2418 1734 2447 ita

1034 2465 1097 2493 haec
1118 2464 1248 2502 legenda
1265 2464 1341 2493 sint:
1360 2462 1559 2502 δεξιωσάμενος
1571 2460 1639 2491 αὐτὸ
1656 2460 1734 2502 (εοί-

1035 2508 1108 2537 licet
1123 2505 1156 2536 τὸ
1171 2506 1312 2547 ποτίνριον)
1328 2507 1369 2545 τῷ
1378 2505 1526 2542 στόματιε
1552 2509 1584 2533 nt
1599 2504 1648 2533 hio
1665 2514 1732 2533 sen-

1037 2560 1089 2580 sus
1106 2550 1161 2579 sit.
1184 2560 1246 2579 cnm
1264 2550 1481 2589 quis—accepto
1497 2559 1514 2578 a
1528 2548 1672 2586 pincerna
1685 2555 1736 2584 po-

1035 2594 1136 2629 cn!0‚e
1123 2603 1207 2632 eoque
1223 2593 1321 2623 leuiter
1335 2592 1471 2627 delibato,
1488 2596 1547 2621 etc.

1078 2653 1119 2658 -
1136 2636 1214 2666 ibid.
1240 2638 1293 2666 44.
1314 2633 1343 2664 τί
1366 2632 1405 2664 οἷν
1429 2634 1451 2663 οἶ
1475 2633 1594 2673 πςόγονοι
1623 2630 1736 2673 ἐμίσουν

1036 2678 1152 2718 αὐτους]
1181 2678 1312 2707 wolfius
1341 2678 1369 2707 in
1393 2678 1550 2716 margine;
1583 2687 1647 2709 τους
1672 2686 1736 2715 προ-

1036 2722 1125 2760 γόνους
1140 2720 1254 2761 ἐμίσουν
1273 2718 1458 2758 avvoi':q·1ae
1476 2719 1646 2749 certissime
1667 2727 1735 2756 ger-

1037 2775 1123 2794 mana
1138 2764 1230 2794 lectio
1246 2767 1305 2799 est,
1317 2773 1466 2802 quamque
1481 2759 1736 2793 sententiaomni-

1037 2818 1075 2837 no
1092 2808 1235 2845 postulat.

1081 2851 1117 2880 P.
1132 2852 1185 2881 39.
1197 2860 1224 2878 c.
1241 2852 1270 2878 1.
1284 2851 1334 2879 16.
1357 2846 1532 2887 Περδίκκας
1520 2861 1532 2877 ο
1547 2845 1681 2887 αδελφός]
1698 2845 1736 2875 In

1038 2898 1140 2922 nostro
1163 2893 1321 2930 tegebatur
1345 2891 1495 2931 Περδίκκας
1516 2890 1617 2923 ὁὲεῖος
1630 2888 1737 2926 Ἀμύν·

1038 2948 1098 2972 τευ,
1114 2934 1231 2974 ἀδελφὸς
1243 2933 1383 2964 Φιλίππου
1398 2936 1446 2964 τοῦ
1459 2931 1573 2973 πατρὸς
1588 2932 1737 2964 Φίλιππος.

1038 2978 1223 3008 Rectissime
1237 2978 1394 3007 Moreliius
1409 2977 1438 3006 in
1451 2987 1514 3006 var.
1524 2976 1595 3005 lect.
1610 2974 1738 3004 etWol-

1039 3022 1094 3052 fius
1117 3022 1149 3052 in
1164 3021 1297 3060 margine
1313 3020 1353 3050 ita
1370 3021 1433 3051 baec
1452 3019 1579 3059 legenda
1594 3017 1741 3052 indicant,
