1914 3372
368 219 448 259 AD
483 215 742 258 SCHOLIA
777 213 837 254 IN
870 208 1276 254 PHILIPPICAM
1309 208 1342 248 1.

143 328 185 358 011
201 337 255 356 nos
271 326 336 364 ipsa
353 325 504 355 edidimus
519 335 525 352 z
550 322 624 353 satis
643 322 721 351 enim
743 326 843 349 notum

142 375 201 406 est,
231 368 365 408 Philippi
394 374 509 406 patrem
542 367 702 403 Amyntam
740 363 844 392 fuisse.

141 414 252 451 Neque
271 413 360 442 etiarn
377 411 421 439 sic
437 410 535 440 omnia
551 414 632 438 reete
648 407 776 435 habeut:
803 411 845 434 et-

144 457 222 486 euiin
239 465 292 494 pro
308 454 384 487 θεῖος
395 453 555 491 legendum
568 456 613 480 est
626 451 690 484 υἷῖς,
705 460 772 479 cum
787 454 848 477 tres

144 499 254 529 fuerint
271 499 410 535 Amyntae
431 495 495 532 filii,
511 493 698 528 Alexander,
719 492 848 521 Perdic-

144 552 207 577 cas,
233 544 264 570 01
287 539 458 578 Philippus,
510 538 587 567 Vide
611 536 703 566 Diod.
725 535 779 564 lib.
800 536 848 563 15.

145 586 222 622 Quae
235 587 399 621 sequuntur
411 583 542 610 obscura
554 579 652 610 adhuc
669 578 806 608 videntur
819 581 848 606 et

145 626 266 666 quidem
283 624 429 654 mutilata.

187 685 231 691 —
242 668 316 698 ibid.
329 669 380 696 ί16.
396 667 475 696 ἀλλὰ
489 667 544 695 τῶν
558 664 637 704 ἄνεω]
654 662 789 698 Wolfius
805 662 848 690 le-

148 712 229 751 gisse
254 710 374 739 videtur
397 708 466 738 οἰδέ.
491 709 582 737 vertit
604 706 682 736 enim
706 715 794 744 neque
815 704 850 733 de

146 754 287 784 donariis.
331 752 492 790 Utcunque
504 750 598 787 legas,
615 748 754 786 equidem
771 747 847 776 haud

149 796 238 826 video
254 806 346 835 quare
361 799 516 832 tantopere
529 791 742 821 hallucinatum
755 790 849 818 Scho-

147 839 256 869 liasten
279 836 448 867 Palmerius
470 835 561 864 dicat.
606 832 785 863 Sclioliastis
802 833 851 861 hic

147 890 255 911 sensus
276 885 340 910 est:
369 878 521 913 AEdificia,
543 882 574 907 et
593 876 728 911 donaria,
745 881 852 905 utcun-

146 934 205 963 que
221 923 281 952 sint
297 921 458 961 splendida
479 921 526 961 (id
544 919 621 950 euim
639 920 718 949 haud
734 915 852 958 negat).

147 965 285 1005 superari
300 965 428 997 sortasse
448 969 596 1003 possunt:
620 973 678 992 non
694 962 764 992 item
782 963 852 991 faci-

147 1018 232 1044 nora,
247 1012 373 1047 propter
387 1017 454 1046 quae
472 1007 537 1036 haec
557 1006 682 1036 donaria
706 1015 854 1044 suspensa

148 1056 235 1081 sunt:
252 1051 383 1090 ideoque
395 1049 501 1085 dehis,
517 1060 574 1079 non
590 1049 651 1079 illis
667 1048 768 1084 etiam,
782 1047 854 1083 dici,

147 1094 216 1135 ὅςτε
229 1093 324 1133 μηδενὶ
339 1105 369 1123 τ,
386 1102 409 1122 ε.
426 1092 576 1133 ὑπερθολὲν
588 1090 748 1131 λελεῖφθαι.

190 1155 233 1161 -
247 1137 323 1167 ibid.
343 1141 444 1176 antep.
462 1134 644 1174 Πλαταιέων]
670 1136 715 1164 Ea
732 1144 792 1164 vox
808 1133 855 1163 in-

149 1180 233 1210 colas
246 1179 440 1215 Plana-arum,
451 1189 509 1208 non
521 1179 604 1218 ipsas
617 1179 748 1208 Plataeas
761 1177 854 1216 signi-

149 1221 230 1259 ficat,
246 1223 326 1261 quod
341 1227 439 1252 tamen
448 1222 498 1251 hic
510 1232 588 1260 opus
601 1225 659 1257 est,
673 1221 754 1250 sicut
767 1225 855 1250 antea

150 1263 183 1295 ἐκ
199 1265 380 1305 Σαλαμῖνοςε
403 1264 505 1304 itaque
520 1264 599 1294 haud
620 1263 758 1293 dubitavi
773 1269 855 1293 Πλα-

150 1310 236 1338 ταιὲν
250 1318 409 1347 reponere.

193 1351 231 1380 P.
248 1352 301 1383 39.
315 1361 342 1380 c.
358 1353 388 1381 Q.
404 1352 458 1381 30.
481 1348 654 1389 ἐκτήσαντο]
680 1350 726 1378 Ex
747 1348 854 1378 Wolfii

152 1399 252 1423 mento
280 1393 404 1433 reposui
432 1392 630 1425 ἀνεκτήσαντο,
658 1392 737 1431 quod
766 1391 855 1421 etiam

1502 203 1581 249 351

880 316 1026 348 sententia
1042 314 1162 344 omnino
1175 314 1320 353 postulat.

924 361 962 390 P.
977 361 1028 389 40.
1042 369 1069 388 c.
1085 360 1114 387 2.
1132 359 1162 386 3.
1188 356 1286 386 ἐπειδὴ
1307 355 1427 397 ᾔσθετο,
1447 353 1523 393 010.]
1548 352 1583 382 In

881 409 983 433 nostro
1001 402 1087 430 valde
1103 401 1166 429 haec
1183 401 1301 429 turbata
1318 404 1404 428 sunt:
1426 397 1521 436 igitur
1537 406 1585 425 se·-

881 447 943 476 cuti
960 455 1063 475 sumus
1081 442 1224 472 Woltiuin
1241 442 1271 470 in
1288 441 1431 474 margine.
1464 441 1585 469 Interea

882 501 938 519 non
959 496 1118 528 possumus
1135 485 1209 514 satis
1225 484 1366 513 admirari
1381 483 1476 512 nostri
1492 482 1586 511 Scho-

883 533 981 561 liaslis
1001 530 1206 569 sagacitatem,
1227 526 1279 565 qui
1297 532 1353 555 lam
1370 526 1478 555 bellam
1495 525 1586 555 ratio-

884 586 949 604 nem
967 572 1128 606 invenerit,
1141 575 1266 610 propter
1279 579 1366 608 quam
1381 579 1435 607 per
1445 568 1584 597 Cererem

883 618 932 646 liic
943 619 1025 655 jurat
1043 614 1274 645 Demosthenes.

925 677 967 682 —-
983 659 1057 688 ibid.
1080 669 1107 688 0.
1123 661 1154 687 2.
1170 659 1220 687 ΞΓ).
1243 653 1493 692 ἀπογινώσκοντες]
1516 653 1589 682 Sen-

885 713 936 731 sus
952 702 1012 731 loci
1029 701 1259 738 ἀναγινώσκοντες
1277 697 1432 737 postulare
1450 697 1588 725 videtur:

884 746 962 785 qnod
983 744 1060 773 vidit
1076 743 1223 776 Wolsms,
1239 741 1332 771 vertit
1348 741 1439 774 0111111,
1458 739 1590 778 legentes-

928 789 965 817 P.
980 791 1031 818 41.
1049 798 1076 816 0.
1094 790 1121 815 1.
1139 788 1168 815 6.
1192 785 1253 824 mg?
1277 786 1331 823 γὰρ
1352 781 1481 823 ῥᾳθύμων
1504 792 1589 820 ‘urger-

887 829 1060 870 φθέγγεται]
1078 830 1125 859 Ex
1138 828 1247 858 Wolfii
1266 831 1365 856 mente
1382 825 1505 865 reposui
1521 825 1590 854 sim·

886 875 958 913 plex
977 875 1101 903 verbum
1118 870 1286 910 φθέγγεται.
1317 868 1399 907 Quid
1416 869 1441 897 si
1456 868 1591 908 legamus

887 916 959 958 ωρές
973 919 1026 955 γὰρ
1042 914 1169 956 ῥᾳθύμων
1183 911 1433 953 πξοσφθὲγγεται.)

929 978 971 982 ——
997 960 1072 989 ibid.
1096 962 1146 989 18.
1184 953 1408 995 ἀναγκάζεσθαι]
1440 952 1572 983 VVolfius
1587 964 1594 981 2

887 1004 1028 1033 Fortasse
1045 999 1238 1041 ἀγωνίζεσθαι.
1282 1001 1357 1029 Mox
1372 999 1454 1028 idem
1469 997 1499 1026 in
1517 1005 1594 1025 mar-

888 1047 968 1086 gine,
990 1050 1021 1076 et
1044 1045 1205 1075 Morellius
1231 1043 1261 1072 in
1287 1052 1350 1072 var·
1371 1041 1443 1070 lect.
1467 1038 1516 1069 οὖν
1541 1037 1594 1077 ἔξω

888 1091 950 1125 τῆς,
966 1096 1023 1119 etc.
1037 1092 1072 1118 ut
1086 1098 1140 1117 nos
1152 1086 1265 1117 excudi
1279 1084 1465 1115 curavimus.
1487 1083 1596 1120 Neque

889 1137 990 1162 tamen
1012 1132 1110 1162 adhuc
1129 1130 1155 1160 is
1176 1130 1262 1159 locus
1284 1128 1358 1159 satis
1377 1127 1494 1166 integer
1509 1126 1594 1156 vide-

889 1180 948 1205 tur.

931 1236 973 1241 -—
983 1217 1058 1248 ibid.
1070 1228 1098 1247 c.
1109 1219 1138 1247 2.
1149 1218 1199 1246 18.
1213 1213 1282 1245 ἀλλ’
1293 1214 1346 1254 ὥρᾳ
1356 1211 1498 1254 ἔφθασαν]
1515 1210 1594 1241 Haec

890 1262 983 1291 verba
1002 1260 1117 1290 nullum
1141 1259 1190 1289 hic
1215 1268 1336 1289 sensum
1362 1257 1484 1291 habent,
1503 1264 1595 1294 quare

889 1303 995 1334 Wolfii
1014 1304 1218 1342 conjecturam
1236 1302 1343 1331 lubens
1365 1303 1488 1330 secutus
1510 1307 1593 1328 sum:

891 1348 943 1377 sed
964 1348 1091 1377 fortasse
1110 1346 1196 1375 locus
1213 1344 1338 1375 mutilus
1353 1348 1409 1373 est.
1454 1342 1530 1371 Cum
1547 1349 1596 1370 eo-

891 1391 960 1420 dem
975 1400 1046 1419 mox
1063 1389 1180 1419 ἑὶπαντα
1196 1389 1277 1426 lego.

597 1556 657 1596 IN
692 1555 1093 1597 PHILIPPICAM
1127 1555 1160 1596 Ι.

198 1684 235 1714 P.
249 1686 301 1715 42.
313 1695 341 1714 0.
355 1686 383 1712 1.
399 1685 452 1714 31.
468 1683 687 1723 παραχαράττω
703 1683 749 1713 τὸν
762 1683 857 1724 νόμον]

156 1726 234 1757 Loci
257 1736 367 1756 sensus*
387 1725 475 1765 plane
498 1726 631 1764 postulat
647 1730 681 1756 ut
698 1732 861 1766 reponatur

154 1768 188 1799 τὸ
211 1769 251 1804 οὔ,
274 1768 354 1808 quod
376 1768 468 1799 etiam
492 1769 572 1799 inter
592 1769 691 1799 varias
712 1769 860 1800 lectiones

155 1812 248 1842 habet
262 1818 293 1841 et
308 1811 444 1842 Wolfius
459 1815 489 1841 et
505 1812 676 1842 Morellius.

197 1871 240 1878 ——-
255 1854 330 1884 ibid.
349 1856 400 1885 36.
423 1855 460 1896 τῇ
479 1853 616 1894 ἀπωλείᾳ
637 1857 691 1884 τῶν
712 1856 861 1894 τξιάκοντα

157 1897 202 1928 δύο
219 1897 332 1928 πόλεων
351 1900 406 1928 τῶν
425 1897 615 1939 Χαλκιδικῶν]
641 1899 675 1927 In
697 1899 862 1928 Chronolo-

156 1941 238 1980 giam
253 1946 362 1980 peccat
377 1939 574 1970 Scholiastes.
609 1940 770 1980 Philippus
782 1942 860 1971 enim

157 1983 348 2014 Chalcidicas
379 1982 551 2025 (Thraciae)
582 1985 670 2014 urbes
707 1995 763 2014 non
795 1990 862 2014 ante

159 2030 299 2066 quartum
328 2036 436 2056 annum
467 2026 659 2066 Olympiadis
687 2028 862 2058 centesimae

160 2069 300 2109 septimae
321 2070 446 2099 adortus
468 2075 531 2099 est:
557 2075 589 2100 ut
608 2080 647 2099 ex
664 2070 801 2101 Diodoro
817 2071 862 2100 di-

160 2112 272 2142 scimus
283 2111 335 2141 lib.
347 2112 412 2143 xvi.
426 2117 457 2143 et
465 2112 672 2151 Philochor03
687 2124 774 2152 quem
792 2113 861 2144 vide

160 2155 193 2185 in
218 2153 420 2195 Ὀλυμπιάδων
447 2155 594 2197 ἅναγριοφῇ
621 2157 701 2194 apud
727 2157 862 2196 Scalige-

160 2208 226 2228 rum
243 2208 250 2227 :
287 2198 352 2228 haec
379 2208 450 2228 vero
475 2198 573 2228 oratio
602 2199 702 2238 primo
727 2201 861 2239 ejusdem

162 2241 354 2280 Olympiadis
375 2251 452 2271 anno
474 2241 577 2271 habita
598 2247 655 2278 est,
677 2244 768 2282 paulo
792 2249 863 2283 post

160 2283 390 2316 Atheniensium
406 2284 444 2315 ad
458 2285 677 2325 Thermopylas
696 2287 862 2326 profectio-

160 2337 240 2363 nem,
253 2328 344 2366 juxta
357 2327 509 2358 Tourrelli
532 2333 720 2367 computum,
734 2330 782 2361 cui
803 2331 864 2360 suf-

160 2369 295 2409 fragatur
309 2370 388 2400 enim
403 2371 542 2401 Andreas
554 2370 698 2402 Schottus
711 2372 742 2403 in
759 2373 864 2403 Paral-

159 2411 240 2450 lelis,
250 2418 281 2444 et
292 2413 436 2453 Sigonius
447 2413 479 2443 in
489 2414 690 2454 Temporibus
701 2416 864 2446 Athenien-

162 2455 250 2486 sium.
272 2457 321 2487 De
335 2455 522 2487 Chalcidicis
536 2458 662 2488 urbibus
677 2460 771 2489 multa
785 2460 863 2500 apud

162 2499 399 2574 Deeiaosthenem
424 2499 452 2529 in
469 2501 613 2530 Oratione
635 2500 695 2541 περὶ
717 2508 864 2542 Παραπρε-

163 2552 184 2570 r
207 2552 217 2571 ε
249 2554 271 2575 ς.

205 2583 242 2613 Ρ.
254 2586 306 2614 4⁶2.
319 2596 346 2615 c.
359 2588 390 2616 2.
406 2588 457 2616 14.
471 2589 527 2616 τῶν
541 2587 650 2628 ἄλλων]
669 2588 718 2617 Ex
730 2588 865 2618 Isocrate

163 2626 369 2675 rescribe-‘rim
394 2627 481 2660 ἄλλον
506 2630 607 2672 χςόνον·
631 2641 702 2660 111011
728 2630 866 2671 νομίμοις·

165 2668 275 2699 deinde
289 2668 407 2712 ἡσυχίαν
421 2670 453 2702 ἓιν
464 2670 527 2710 ἦγον
542 2675 657 2712 absque
672 2674 716 2713 τῷ
729 2675 850 2705 πολλήν.

189 2753 196 2759 ¹
208 2711 246 2741 P.
260 2714 355 2761 44'.⁶'
368 2717 397 2744 1.
413 2716 465 2745 25.
480 2714 576 2751 ἐκεῖνος
589 2713 631 2747 οὖν
645 2717 722 2758 010.]
736 2718 867 2748 Turbata

167 2754 216 2783 hic
225 2753 347 2784 Scholia
357 2756 498 2788 videntur
508 2769 588 2796 esse,
599 2760 720 2799 duoque
733 2760 762 2790 in
777 2771 866 2791 unuin

168 2806 324 2837 perperam
339 2805 505 2838 compacta.
549 2803 691 2839 Rectius,
703 2807 738 2832 ut
750 2805 867 2843 opinor,

168 2839 249 2889 apud
265 2839 409 2891 Wolfium
433 2843 504 2874 Sch.
523 2846 560 2875 ad
580 2856 610 2875 v.
633 2844 867 2888 ἐπιτειχίσματα

170 2883 270 2911 linitur
285 2893 317 2914 v.
332 2883 462 2925 εχθροῒςε
486 2897 552 2926 quae
573 2893 742 2927 sequuntur
762 2891 798 2920 ad
815 2900 869 2923 nos

170 2934 239 2954 vum
253 2931 354 2964 caput,
370 2927 500 2965 scilieet,
520 2930 567 2959 aaz
583 2933 643 2966 τοῖς
664 2929 796 2963 ἐθέλουσι
811 2944 868 2962 wo-

170 2966 230 3001 n‘n’v,
244 2968 421 3000 referuntur.
449 2971 498 3002 lbi
513 2978 623 3011 eutem,
638 2984 694 3014 pro
710 2973 806 3011 ἔκεῖνος
818 2973 869 3012 οὖν,

169 3008 270 3045 clx-te.-
283 3010 401 3051 legitur.

936 1683 1067 1713 —ibid.
1088 1693 1115 1711 0.
1137 1684 1167 1712 2-
1191 1685 1241 1712 12.
1270 1680 1384 1721 ἀγαθοὶ]
1414 1681 1543 1710 wolfius
1571 1680 1600 1709 in

895 1726 1029 1766 margine
1045 1724 1299 1755 habet'Aenmrcaz
1317 1735 1388 1754 mox
1402 1725 1419 1753 Ι.
1431 1726 1482 1754 22.
1499 1724 1540 1753 iia
1557 1724 1599 1753 le-

896 1771 955 1808 git:
981 1768 1120 1799 ἔλάττονα.
1146 1770 1187 1808 μὴ
1212 1767 1348 1797 δύνασθαι
1372 1768 1473 1802 ποιεῖν,
1496 1767 1599 1805 ibique

895 1813 1040 1842 Scholion
1062 1812 1134 1842 finit.
1181 1812 1329 1841 Benenati
1345 1811 1435 1840 100110
1456 1811 1600 1839 mendosa

896 1856 984 1894 plane
1006 1861 1067 1885 est:
1092 1855 1194 1893 itaque
1216 1854 1248 1883 τὸ
1272 1854 1285 1885 ἢ
1310 1854 1442 1891 inserui3
1467 1859 1534 1883 ante
1554 1853 1600 1881 di-

895 1903 983 1928 xerat
1005 1897 1116 1929 πλείονα.
1135 1896 1265 1927 δύνασθαι
1287 1898 1369 1926 ποιεῖν
1390 1895 1457 1936 ἧπεξ
1481 1895 1600 1926 δύναιτο.

896 1942 968 1972 Vid.
985 1941 1118 1981 Etymol.
1134 1952 1162 1971 v.
1178 1939 1299 1980 ἀλαζών.

937 2003 980 2008 -—-
991 1985 1066 2014 ibid.
1079 1987 1132 2015 40.
1147 1984 1194 2013 καὶ
1209 1985 1265 2023 μῆν
1278 1983 1324 2014 ἤδη
1340 1980 1507 2012 ἐπείσθησαν
1522 1981 1601 2020 αὐτῷ

895 2028 942 2057 καὶ
966 2027 1104 2068 ἔπεμψαν
1126 2026 1250 2060 Εοῆθειαν
1274 2025 1338 2067 πρές
1363 2024 1531 2065 Ὀλυιθίους]
1564 2025 1600 2054 111

896 2081 931 2100 00
954 2081 986 2101 se
1011 2075 1185 2101 constanter
1204 2070 1282 2100 sallit
1304 2069 1501 2104 Scholiastes,
1518 2068 1600 2106 quod

895 2114 971 2144 hanc
986 2114 1150 2145 orationem
1168 2114 1239 2152 post
1252 2112 1450 2152 Olynthiacas
1467 2111 1600 2141 habitam

895 2157 991 2187 fuisse
1007 2162 1102 2197 putet.
1140 2156 1210 2186 vid.
1226 2155 1419 2186 'rourrellum
1435 2165 1467 2194 p.
1482 2156 1514 2184 7.
1531 2154 1599 2184 Lat.

895 2201 1030 2241 Interpr.
1049 2200 1125 2231 ibid.
1147 2205 1178 2229 et
1196 2199 1226 2229 in
1245 2201 1319 2238 Arg.
1341 2198 1377 2228 ad
1398 2199 1424 2228 Ι.
1441 2196 1603 2237 Olynthia-

896 2253 979 2274 cam:
1009 2243 1080 2274 vide
1109 2243 1199 2273 etiam
1228 2242 1356 2280 Dionys.
1382 2240 1539 2271 Halicarn.
1573 2240 1603 2270 in

898 2286 997 2326 Epist.
1008 2287 1046 2318 ad
1058 2289 1156 2317 Amm.
1170 2297 1199 2325 p.
1214 2288 1286 2317 193.
1302 2285 1359 2315 Ed.
1370 2284 1498 2314 doctiss.
1511 2283 1603 2314 Hud-

896 2341 974 2360 soni.

939 2373 976 2403 P.
992 2374 1044 2404 45.
1056 2384 1083 2403 0.
1096 2376 1126 2404 2.
1140 2374 1170 2402 7.
1186 2371 1332 2412 διάκρισιν]
1349 2370 1500 2400 Mendosa
1514 2369 1603 2409 plane

897 2417 1001 2446 lectio.
1022 2418 1304 2455 Itaque‚praeeunte
1316 2414 1440 2450 Wolfio,
1456 2412 1605 2453 ἀπόκξισιν

897 2460 1109 2490 excudendum
1131 2459 1246 2489 curavi.
1291 2459 1367 2488 Mox
1390 2458 1411 2487 l.
1427 2460 1479 2488 14.
1495 2455 1528 2485 τὸ
1550 2455 1604 2495 γὰς

898 2503 986 2541 ejeci,
1001 2502 1209 2543 quippequod
1223 2501 1298 2531 nihil
1311 2501 1348 2530 ad
1359 2510 1422 2530 rem
1434 2500 1535 2536 faciat,
1548 2499 1602 2528 sed

899 2556 936 2575 ex
950 2546 1140 2585 praecedente
1155 2547 1209 2584 γὰς
1225 2549 1327 2574 natum
1341 2543 1512 2573 videretur-

942 2607 982 2611 —
993 2588 1068 2618 ibid.
1080 2589 1134 2619 ult.
1146 2587 1227 2618 ἐνίοτε
1242 2588 1319 2629 010.]
1330 2588 1432 2617 Locus
1445 2585 1606 2616 manifeste

899 2637 946 2661 est
961 2636 1142 2672 corruptus:
1158 2632 1262 2671 itaque
1277 2641 1317 2661 ex
1332 2631 1506 2668 conjectura
1517 2627 1608 2657 Wol-

900 2675 941 2711 fii,
959 2675 1128 2715 postulante
1142 2675 1233 2705 otiam
1255 2684 1359 2708 sensu,
1373 2673 1461 2711 lego:
1484 2670 1557 2704 ἐνίοις
1577 2668 1607 2708 ἐξ

899 2718 990 2748 αὐτῶν
1004 2716 1130 2750 ἡδύνιιντο
1144 2720 1198 2747 τῶν
1212 2716 1310 2759 ἑτέρων
1326 2713 1525 2756 πεξιγενέσθαι.

944 2761 981 2791 Ρ.
997 2763 1048 2792 46.
1069 2772 1098 2791 c.
1114 2765 1144 2791 1.
1159 2763 1211 2793 34.
1236 2761 1264 2791 οὐ
1292 2762 1358 2800 γεὶς,
1387 2759 1461 2799 etc.]
1489 2759 1605 2787 Iterum

901 2804 1048 2834 confundi
1074 2804 1134 2834 duo
1159 2804 1282 2835 Scholia
1309 2803 1458 2833 videntur.
1504 2801 1605 2830 Voces

903 2847 970 2886 ἡμῖν
983 2845 1103 2886 ἐξελθεῖν
1116 2848 1154 2878 ad
1169 2847 1202 2877 τὸ
1217 2846 1338 2879 εἰπόντες
1354 2844 1510 2875 referenda
1526 2848 1611 2877 sunt,

902 2891 939 2919 ad
961 2890 1192 2927 ostendendum,
1216 2889 1368 2929 quomodo
1393 2886 1546 2926 implenda
1569 2886 1609 2916 sit

903 2943 939 2962 00
954 2944 1020 2971 quae
1035 2933 1066 2963 in
1082 2938 1171 2964 textu
1187 2939 1232 2963 est
1248 2930 1386 2969 ἔλλειψις.
1401 2928 1540 2971 χρήσιμοί
1557 2929 1612 2958 εἶσι

904 2975 1060 3015 σύμβουλοι
1071 2977 1225 3016 expositio
1236 2982 1282 3005 est
1293 2976 1342 3003 τοῦ
1352 2973 1493 3013 μάλιστα
1505 2971 1543 3005 εἷς
1557 2970 1615 3001 δέον

904 3017 1040 3057 λέγουσιν.
1086 3020 1148 3049 Sub
1168 3019 1254 3049 finem
1271 3019 1397 3057 hujusce
1413 3015 1526 3046 Scholii
1543 3015 1609 3054 lege
