1898 3356
311 211 395 252 544

309 329 329 358 p
345 319 374 347 9.
392 317 444 346 15.
461 315 564 345 Bekk.
632 316 683 344 15.
703 313 787 344 αὐτὴν
809 313 903 343 ἔδωκεν
927 323 945 352 Ρ
968 316 1018 343 15.

313 363 365 390 16.
382 357 502 398 ἀδελφὸς
520 356 564 398 ἦν]
585 356 638 390 υἱός
653 355 683 387 ’ἦν
698 367 715 386 a
731 360 761 386 1.
779 369 796 397 p
813 358 864 387 15.
880 362 911 386 et
926 367 970 395 γς.
986 356 1018 386 b.

310 403 414 434 Bekk.
472 404 520 431 18.
534 400 713 441 Πολέμωνος]
729 399 893 438 Πολέμωνος
908 399 955 428 καὶ
972 400 1022 432 ’τῆς

311 446 489 486 Φυλομάχης
510 447 560 478 τῆς
582 444 705 482 ἀδελφῆς
728 443 795 485 (τῖς
811 444 934 482 ἀδελφῆς
949 443 1021 472 add.

310 490 341 519 in
357 499 452 527 marg.
470 499 489 527 p
507 488 556 529 9.)
577 488 627 516 τοῦ
646 487 812 525 Πολέμωνος
827 498 844 516 a
861 490 890 516 1.
907 486 938 516 b.
954 496 974 525 p
993 488 1022 516 9.

311 533 362 564 15.
389 532 491 562 Bekk.
561 534 612 562 19.
630 531 696 571 τῆς]
722 531 733 560 ὁ
756 532 806 564 τῆς
827 541 848 569 Ρ
869 532 898 560 9.
918 529 1022 560 Bekk.

310 576 395 606 Ibid.
411 574 512 604 τούτου
534 575 583 604 τοῦ
607 574 712 608 παιδὸς
732 585 750 612 p
769 575 820 603 15.
843 574 892 602 τοῦ
916 572 1023 606 «παιδὸς

310 618 424 649 τουτουῒ
446 629 467 658 p
489 621 519 649 9.
538 618 639 648 Bekk.
706 628 773 657 pen.
798 615 841 657 δὲ]
866 614 907 646 οἷν
930 627 949 656 p
971 618 1022 647 15.

309 662 392 693 Ibid.
407 660 524 698 ἐγένοντο
538 671 558 700 p
575 664 604 692 9.
664 661 718 690 ult.
735 659 780 699 δὲ]
798 660 825 689 δὴ
842 660 872 689 b.

357 704 394 735 P.
411 707 464 734 66.
482 708 512 734 1.
530 704 641 743 πότερον
657 715 672 733 a
688 709 716 734 1.
734 714 754 744 p
772 706 801 733 9.
817 705 866 734 15.
884 700 994 741 πότερος
1010 701 1021 731 ὁ

310 747 386 778 Ald.
400 748 466 778 Fel.
483 748 521 778 P.
535 749 652 777 Manat.
698 747 782 776 Ibid.
793 746 946 785 οἶκειότεξον
958 757 976 784 Ρ
991 749 1020 777 9.

310 794 342 822 4.
358 797 389 822 et
405 796 508 830 antep.
524 791 611 825 υῖδοὺς
625 802 645 830 Ρ
662 793 692 821 9.
711 790 799 823 υἱδοῢς
814 800 833 828 p
851 791 901 819 15.
918 789 1020 819 Bekk.

309 836 342 866 5.
356 833 521 864 οἰκειότατόν
537 845 557 874 Ρ
574 838 604 866 9.
649 844 719 873 pen.
732 832 894 862 οἶκειότατοι
910 842 927 861 a
946 836 974 862 1.
990 832 1020 862 b.

309 890 329 918 p
348 882 400 910 15.
467 877 524 906 ult.
540 876 571 915 ἐξ
589 887 649 906 om.
665 887 682 905 a
699 879 730 905 1.
796 875 880 905 Ibid.
897 874 951 913 μὲν
965 872 1021 916 οὖν]

308 921 393 951 ’τοίνυν
410 932 426 951 a
443 924 471 950 1.
485 931 504 958 Ρ
522 923 574 949 15.
646 940 651 944 .

354 965 392 994 P.
410 966 463 993 67.
481 967 508 992 1.
525 960 619 992 οὑτοσὶ
634 971 694 990 om.
712 964 772 990 a1.
790 970 809 999 p
826 961 878 990 15.

356 1007 392 1036 P.
410 1008 462 1036 63.
480 1009 510 1036 1.
532 1002 695 1038 Εὐβουλίδου
711 1021 723 1026 -
736 1021 748 1026 -
760 1021 772 1027 -
790 1003 882 1044 «ει-αῖς]
900 1002 994 1032 οὑτοσὶ
1010 1003 1022 1032 ὃ

310 1051 381 1083 ’παῖς
396 1049 450 1083 υἱός
465 1048 640 1083 Εὐβουλίδου,
659 1045 770 1084 ἀνεψιοῦ
789 1047 860 1080 παῖς
879 1047 913 1076 ὢν
926 1045 1023 1086 εΑγνίςι,

311 1092 376 1134 πρὸς
392 1092 500 1132 πατρὸς
516 1103 532 1121 a
548 1096 574 1122 1.
586 1102 606 1130 p
621 1094 673 1122 15.
689 1091 737 1120 καὶ
753 1089 860 1130 μητρὸς
874 1090 946 1123 ὑίδης
962 1088 1022 1127 ἐγέ-

312 1147 371 1165 νετο
386 1133 552 1169 Εὐβουλίδης
573 1133 644 1175 ἐμοῦ
662 1133 717 1174 μὲν
731 1135 800 1167 παῖς
815 1133 860 1169 ὢν,
876 1133 917 1173 τῷ
931 1131 958 1162 δὲ
973 1132 1022 1161 ‘A-

309 1178 372 1220 γνίᾳ
395 1180 559 1218 ἀδελφιδοῦς
582 1178 647 1218 ’πρὸς
665 1176 779 1217 πατρὸς
801 1177 893 1206 οὑτοσὶ
916 1176 928 1206 ὅ
952 1178 1023 1210 παῖς

312 1225 358 1253 Μ.
378 1222 457 1252 Ben.
481 1233 541 1252 om.
565 1233 585 1262 p
611 1224 641 1252 9.
664 1221 757 1251 οὑτοσὶ
781 1220 794 1249 ὅ
817 1220 886 1254 παῖς
910 1230 970 1250 om.
992 1220 1023 1250 b.

310 1267 366 1296 ult.
383 1264 474 1297 ἐπειδὴ
490 1265 517 1295 δὲ
534 1268 547 1297 ἦ
564 1277 584 1305 Ρ
602 1268 633 1296 9.
692 1264 775 1294 Ibid.
792 1265 805 1294 ἦ
821 1264 944 1294 tertium
961 1274 1021 1294 om.

351 1311 401 1340 15.

312 1321 332 1350 p
354 1353 392 1382 P.
412 1356 464 1385 69.
484 1357 514 1384 Q.
538 1351 618 1391 τῳδὶ,
638 1351 695 1391 τῶ]
719 1350 763 1389 ’τῷ
783 1348 870 1390 τξίτῳ
893 1351 922 1380 b.
947 1360 967 1389 p
991 1352 1021 1380 9.

814 1411 830 1432 Ύ

310 1436 394 1467 Ibid.
407 1437 464 1478 τῷ]
484 1438 532 1466 τοῦ
550 1447 567 1466 a
579 1439 608 1465 1.
622 1447 642 1475 p
657 1436 708 1466 15.
755 1437 786 1465 3.
800 1435 903 1474 ἔκγονον
917 1435 948 1466 b.
993 1437 1024 1465 8.

694 1497 724 1512 OU

312 1522 338 1562 ὁ]
356 1523 384 1552 οὐ
400 1533 417 1552 a
433 1525 462 1551 1.
520 1522 603 1551 Ibid.
615 1520 711 1561 Ἃγνίςι
739 1521 770 1551 b.
831 1524 881 1550 10.
900 1518 991 1558 ἑαυτῷ
1005 1530 1023 1558 Ρ

313 1567 366 1595 15.
428 1568 480 1596 12.
497 1564 542 1605 δὲ]
559 1565 587 1594 δὴ
605 1575 620 1593 a
636 1568 666 1594 1.
682 1576 701 1603 p
720 1567 770 1595 15.
826 1564 908 1594 Ibid.
925 1563 1024 1603 ἀνθξώ-

311 1619 370 1638 πων
391 1619 408 1638 a
426 1612 453 1638 1.
472 1609 502 1638 b.
524 1620 542 1648 p
559 1610 589 1638 9.
607 1607 711 1637 Bekk.
778 1607 860 1638 Ibid.
883 1607 958 1647 ἔχειν
980 1605 1026 1636 τὸν

312 1653 407 1690 κλῖῖξον
423 1662 441 1690 p
459 1654 489 1681 9.
505 1651 605 1680 Bekk.
651 1654 703 1681 14.
713 1649 850 1683 ἐκβάλλει
866 1660 882 1679 a
896 1654 925 1680 1.
972 1652 1025 1679 18.

312 1695 381 1735 εἰσὶ]
398 1695 419 1724 οἱ
437 1706 455 1734 p
474 1697 504 1725 9.
559 1696 609 1724 19.
625 1694 667 1732 τῷ
681 1705 740 1723 om.
757 1704 774 1723 a
791 1698 820 1724 1.
835 1704 854 1732 p
874 1695 925 1724 15.
971 1696 1024 1724 20.

311 1737 338 1767 δὲ
356 1749 415 1767 0111.
432 1748 448 1766 a
461 1741 490 1767 1.
503 1748 523 1776 p
538 1737 704 1768 15.Bekk.
749 1740 801 1767 521.
817 1735 871 1770 υἱός
886 1747 947 1766 nm.
960 1747 977 1766 a
996 1739 1024 1766 1.

312 1792 332 1821 p
353 1782 402 1811 15.
470 1784 523 1811 24.
540 1791 572 1810 τε
587 1791 647 1811 om.
663 1791 680 1810 a
697 1784 727 1811 1.
744 1791 764 1820 p
783 1782 832 1811 15.
899 1782 952 1810 25.
968 1779 1023 1820 εἴη]

311 1822 340 1854 ’ἦν
355 1824 386 1854 b.
404 1835 424 1865 p
440 1827 472 1855 9.
490 1824 589 1854 Bekk.
655 1827 706 1854 228.
727 1824 739 1852 ὁ
760 1824 938 1854 οὐδεπώποτε
955 1834 976 1864 Ρ
995 1825 1025 1853 9.

314 1869 366 1898 29.
383 1866 575 1909 ποιξεχόμενος
591 1878 609 1897 a
626 1871 654 1897 1.
677 1878 697 1908 p
714 1869 766 1898 15.
783 1868 887 1897 Bekk.
953 1877 1025 1906 pen.

313 1910 406 1950 ἓαυτᾴῖ
422 1922 442 1951 p
460 1916 489 1942 9.
507 1911 607 1941 Bekk.
671 1912 729 1941 ult.
745 1909 775 1940 δι’
791 1910 827 1951 ἃ]
849 1909 895 1940 διὰ
910 1922 931 1950 p
947 1914 978 1942 9.
995 1910 1024 1940 δὴ

314 1954 412 1984 Bekk.
430 1965 490 1984 om.
505 1966 523 1984 a
542 1957 570 1984 1.
588 1966 606 1993 p
623 1954 675 1984 15.

357 1999 394 2028 P.
408 2000 460 2027 70.
478 2002 509 2029 Q.
526 1998 609 2037 ὑμεῖς
624 1997 699 2038 αὐτῇ
713 2009 731 2037 p
747 1999 798 2028 15.
852 1999 883 2027 4.
900 1998 1025 2041 παρέχε-

310 2040 387 2070 σθαι
404 2042 476 2071 Ald.
543 2044 573 2073 9.
591 2041 812 2071 Testimonium
833 2051 893 2072 om.
910 2042 939 2072 b.
958 2054 977 2082 p
995 2046 1022 2074 9.

313 2087 365 2114 12.
383 2086 545 2126 Φυλομάχη
563 2095 622 2114 om.
639 2084 670 2114 b.
687 2095 706 2123 p
724 2088 754 2116 9.
823 2088 872 2115 16.
884 2084 992 2124 Ἃγνίου
1008 2097 1025 2116 a

315 2131 346 2157 1.
357 2138 376 2166 p
391 2131 439 2158 15.
487 2131 538 2158 17.
551 2129 601 2158 τοῦ
613 2129 778 2158 secundum
792 2139 852 2158 om.
865 2128 894 2158 b.
940 2130 1023 2160 Ibid.

313 2171 360 2200 καὶ
375 2169 483 2201 ἐπειδὰν
499 2183 518 2212 Ρ
533 2174 562 2202 9.
623 2173 674 2201 18.
690 2172 777 2201 αὐτοῦ
793 2172 805 2201 ὁ
823 2173 918 2212 trra-rh?
934 2182 953 2210 p
971 2175 1022 2204 15.

315 2217 366 2245 19.
385 2214 606 2254 ὑπολαμβάνετε
621 2225 640 2253 Ρ
654 2217 684 2245 9.
695 2214 852 2245 Ald.1nd.
898 2217 1023 2247 {lla-025-

315 2269 365 2286 του
382 2268 401 2297 p
419 2259 470 2288 15.
538 2261 588 2289 93.
605 2258 652 2287 οὐκ
667 2269 726 2288 om.
743 2270 760 2288 a
779 2262 806 2288 1.
822 2269 843 2299 p
861 2261 913 2290 15.
972 2262 1024 2291 25.

311 2301 362 2330 τοῦ
384 2311 442 2330 om.
461 2312 478 2331 a
496 2305 524 2331 1.
541 2312 561 2342 p
578 2302 629 2333 15.
696 2302 780 2331 Ibid.
797 2302 1025 2341 ὑπολαμβάνετε

315 2354 336 2384 p
353 2346 382 2375 9.
401 2344 467 2373 Fe1.
484 2344 554 2374 Ind.
632 2355 701 2384 pen.
719 2345 814 2375 ἄλλων
838 2356 856 2375 a
879 2348 909 2375 1.
933 2357 950 2386 p
973 2348 1025 2376 15.

314 2387 398 2417 Ibid.
409 2385 552 2427 ἀνθρώπων
563 2388 680 2418 πώποτε
696 2400 716 2428 Ρ
730 2390 781 2419 15.
841 2389 926 2419 Ibid.
941 2389 983 2420 νῦν
993 2390 1024 2420 b.

315 2431 372 2460 ult.
390 2430 403 2460 ἦ
420 2440 479 2459 om.
493 2431 555 2460 Fel.
573 2433 604 2460 P.
624 2433 738 2462 Manut.

359 2474 397 2503 P.
410 2476 463 2503 71.
479 2477 507 2502 1.
526 2473 686 2516 Εὐβουλίδῃ]
707 2473 866 2505 Εὖζουλίδου
881 2486 898 2504 a
916 2479 943 2505 1.
959 2476 990 2507 b.
1005 2487 1025 2517 p

317 2520 347 2548 9.
364 2520 414 2548 15.
430 2516 529 2546 Bekk.
577 2519 607 2546 22.
620 2518 708 2554 λέγειν
723 2518 808 2559 δέξει]
825 2518 900 2556 λέγει
916 2518 944 2548 b.
960 2530 980 2559 p
996 2523 1025 2550 9.

318 2563 348 2591 3.
365 2560 413 2589 καὶ
430 2570 489 2589 om.
505 2570 524 2599 p
542 2562 572 2590 9.
639 2562 719 2591 Ibid.
739 2564 803 2595 τοὺς
824 2572 882 2590 om.
905 2562 934 2592 b.
957 2573 975 2601 Ρ
994 2566 1022 2593 9.

318 2607 349 2635 4.
369 2602 534 2643 πξοσθησὲε
558 2613 578 2643 p
599 2605 630 2634 9.
697 2605 776 2633 Ibid.
796 2605 859 2637 τοὺς
878 2606 1026 2646 μάρτυξοις

316 2648 381 2682 ’τοὺς
396 2658 412 2676 a
430 2650 459 2676 1.
479 2657 498 2687 p
516 2648 568 2677 15.
613 2649 641 2677 9.
659 2653 902 2677 MAPTYP1A1.a
915 2654 945 2678 1.
958 2649 986 2678 b.
1004 2660 1024 2690 p

319 2693 369 2721 15.
396 2690 497 2728 Bekk.
522 2699 582 2719 om.
604 2700 626 2730 p
653 2694 683 2721 9.
772 2692 1026 2721 1‹).'1'esximonia

316 2733 419 2763 omnia
441 2743 500 2763 om.
519 2732 550 2762 b.
571 2743 591 2772 p
610 2735 641 2763 9.
707 2736 758 2763 11.
781 2734 844 2774 τοῦ]
870 2734 911 2773 τῷ
933 2747 952 2775 p
976 2737 1025 2766 15.

319 2777 422 2806 Bekk.
482 2779 534 2806 14.
549 2776 606 2816 τῷ]
623 2775 672 2806 τοῦ
691 2788 708 2816 Ρ
728 2779 777 2806 15.
839 2780 890 2808 15.
908 2779 1024 2817 ΑΛΛΗ]

319 2826 433 2850 ΕΤΕΡΑ
450 2830 470 2859 p
486 2821 538 2850 15.
552 2825 582 2848 et
594 2819 640 2848 sic
653 2819 790 2859 posthac.
835 2822 887 2850 90.
902 2822 915 2851 ἦ
931 2822 1027 2862 μήτηρ

319 2873 381 2893 om.
396 2862 547 2892 editiones
565 2867 677 2903 praeter
692 2863 793 2892 Bekk.
850 2865 902 2893 ⁰23.
913 2865 1028 2906 φςάτωρ

318 2907 365 2936 Μ.
386 2906 462 2935 Ben.
528 2908 581 2937 30.
604 2911 635 2936 et
657 2912 757 2945 antep.
781 2905 846 2945 τοῦ]
869 2907 911 2946 τῷ
934 2918 952 2948 Ρ
974 2911 1026 2939 15.

316 2948 421 2979 Bekk.

363 2992 400 3022 P.
413 2994 465 3022 72.
483 2994 514 3023 3.
531 2991 597 3033 τοῦ]
613 2992 655 3030 τῷ
670 2991 772 3023 Bekk.
787 2992 836 3020 τοῦ
853 3008 865 3014 -
876 3009 889 3014 -
900 3009 913 3014 -
929 2993 1027 3033 »aa-avg}

317 3046 376 3065 om.
394 3045 414 3076 p
431 3037 483 3066 15.
529 3037 561 3066 5.
576 3037 624 3067 τὴν
637 3034 796 3075 μητ.],καὶ
812 3046 885 3074 fam.
903 3035 969 3066 Fel.
989 3037 1026 3066 P.

700 203 1047 247 VARIANTES
1082 203 1414 247 LECTIONES

1055 311 1174 342 Manut.
1219 313 1402 344 midai—:5511
1413 324 1430 343 a
1442 318 1469 344 1.
1483 324 1504 355 p
1514 315 1566 346 15.
1575 315 1651 346 Ald.
1661 317 1765 349 Bekk.

1056 355 1108 385 13.
1125 356 1396 397 προεκαλεσάμεθα]
1415 359 1684 399 πξοσκοιλεσάμεθα
1699 371 1717 390 a
1733 364 1764 392 1.

1054 397 1085 427 b.
1102 409 1122 437 p
1137 401 1166 429 9.
1183 402 1234 431 15.
1249 400 1354 430 Bekk.
1401 402 1452 432 15.
1467 400 1537 432 οὐδὲν
1552 402 1585 432 b.
1599 413 1618 444 p
1636 406 1666 434 9.
1712 406 1765 435 16.

1056 441 1171 480 παρόντι
1194 441 1260 473 τότε
1281 453 1302 483 p
1320 445 1351 473 9.
1369 444 1470 474 Bekk.
1538 448 1589 476 18.
1605 448 1654 476 τοῦ
1667 445 1764 489 “Αγν.]

1056 483 1100 522 τῷ
1111 484 1189 523 Ἄγν.
1205 485 1238 515 ’τό
1254 496 1271 515 a
1288 489 1318 516 1.
1334 497 1355 528 Ρ
1368 489 1398 518 9.
1414 488 1464 517 15.
1476 488 1579 519 Bekk.
1623 489 1706 520 Ibid.
1718 490 1766 528 γέ-

1055 538 1125 557 νοιτο
1148 538 1207 558 οιη.
1232 539 1252 569 p
1276 531 1307 561 9.
1374 532 1425 560 20.
1443 531 1616 562 τηλικουτονὶ
1638 532 1670 563 b.
1693 544 1714 573 p
1736 535 1768 564 9.

1057 573 1108 600 21.
1125 572 1227 601 οὑτωσὶ
1244 572 1273 602 b.
1289 582 1309 612 Ρ
1325 574 1356 603 9.
1439 573 1523 604 Ibid.
1538 574 1687 615 περιφανὲς
1702 587 1720 606 a
1736 580 1767 607 1.

1055 624 1076 653 p
1094 616 1145 645 15.
1165 615 1264 644 Bekk.
1309 616 1393 646 Ibid.
1408 618 1456 647 καὶ
1474 621 1643 649 seeundum
1659 630 1720 649 om.
1735 620 1766 650 b.

1056 667 1075 697 p
1090 661 1123 689 9.
1178 661 1229 689 23.
1246 659 1396 694 τοσούτους
1410 660 1442 691 b.
1456 671 1476 700 p
1492 664 1524 692 9.
1579 662 1662 692 Ibid.
1679 674 1767 703 ποιςε-

1055 699 1192 741 σχόμεθα
1210 712 1226 731 a
1243 704 1273 731 1.
1288 713 1308 741 p
1327 704 1378 733 15.
1435 709 1539 744 antep.
1558 711 1627 735 Φυλ.
1643 705 1766 746 ἀδελφῆ]

1057 749 1125 773 Φυλ.
1139 744 1270 784 θυγάτηρ
1283 745 1310 775 b.
1329 757 1349 786 p
1363 748 1392 777 9.
1406 747 1508 778 Bekk.
1552 759 1623 787 pen.
1636 748 1692 788 μὲν
1706 759 1766 779 om.

1056 787 1084 816 b.
1105 797 1124 826 p
1141 790 1171 818 9.
1189 789 1289 818 ssekk.
1341 789 1395 819 ult.
1413 790 1425 818 ὁ
1441 801 1502 820 om.
1517 790 1549 821 b.
1566 796 1596 820 et
1612 802 1659 832 pr.
1676 802 1697 832 p
1714 794 1745 822 9.

1098 831 1136 859 P.
1154 832 1207 861 73.
1225 833 1256 861 2.
1271 830 1364 869 Ἀγν.,
1386 832 1416 874 ἢ]
1441 835 1490 863 τοῦ
1504 832 1593 872 “Αγν.,
1617 833 1631 864 ἢ
1650 835 1680 864 b.
1698 846 1717 875 p
1734 837 1765 865 9.

1055 872 1160 903 Bekk.
1174 873 1339 913 Πολέμωνος
1354 886 1380 904 w
1398 878 1429 908 2.
1487 878 1518 907 3.
1536 877 1696 919 Φυλομάχη
1713 877 1767 907 Ξυ-

1055 917 1147 955 γάτης
1164 927 1184 956 p
1201 919 1231 947 9.
1248 918 1350 948 Bekk.
1416 919 1499 949 Ibid.
1514 921 1556 951 νῦν
1577 931 1596 959 Ρ
1616 923 1646 951 9.
1663 921 1765 950 Bekk.

1055 958 1138 988 Ibid.
1156 958 1229 998 οὐδὲ]
1247 958 1306 990 οὐδὲ
1325 961 1336 989 ὅ
1351 971 1370 1001 Ρ
1388 964 1419 992 9.
1487 964 1517 993 5.
1535 964 1547 993 ὅ
1563 974 1622 993 om.
1638 963 1669 993 b.
1736 966 1765 994 9.

1055 1012 1100 1041 γξ.
1113 1000 1140 1031 δὲ
1155 1004 1270 1041 μᾶλλον
1285 1012 1399 1044 καταφ.
1412 1004 1443 1047 b.
1506 1008 1557 1037 13.
1567 1007 1702 1036 stemma
1715 1018 1767 1046 ge-

1056 1045 1245 1084 nealogicum
1270 1056 1329 1076 om.
1352 1057 1369 1076 a
1390 1050 1419 1077 1.
1442 1048 1471 1077 b.
1495 1058 1516 1088 p
1541 1051 1570 1079 9.
1590 1051 1641 1080 15.
1661 1049 1768 1080 Bekk.

1057 1091 1108 1120 17.
1126 1094 1326 1119 ΜΑΡΤὙΡΙΑ.
1347 1091 1415 1120 Fel.
1434 1091 1472 1121 P.
1490 1093 1607 1122 Manat.
1623 1102 1682 1122 om.
1699 1092 1729 1123 b.
1746 1103 1768 1133 p

1057 1133 1085 1161 9.
1153 1135 1205 1162 18.
1229 1133 1417 1163 Testimonia
1440 1135 1540 1165 omnia
1562 1146 1621 1166 om.
1640 1135 1671 1166 b.
1696 1146 1715 1174 p
1735 1138 1766 1166 9.

1056 1177 1108 1205 21.
1125 1173 1186 1216 τόν]
1203 1175 1250 1204 καὶ
1266 1176 1338 1206 Ald.
1405 1177 1488 1207 Ibid.
1504 1177 1624 1218 ’ω-οιτέςοι
1639 1180 1688 1208 τοῦ
1709 1189 1768 1209 πα.-

1054 1217 1118 1258 ἰ-ρός
1133 1221 1185 1253 τῆς
1202 1230 1226 1248 w
1242 1222 1273 1249 2.

1100 1262 1136 1291 Ρ.
1150 1265 1204 1292 74.
1221 1264 1251 1292 Ξ.
1268 1261 1350 1303 ὄντα]
1368 1261 1433 1293 εῖναι
1448 1273 1468 1302 p
1482 1265 1535 1294 15.
1580 1266 1608 1294 2.
1622 1263 1665 1304 τῷ
1681 1264 1767 1305 Εὗβ.]

1055 1305 1107 1334 τοῦ
1123 1305 1190 1338 Εὐβ.
1209 1317 1227 1345 p
1245 1308 1296 1336 15.
1363 1308 1394 1336 3.
1415 1306 1479 1345 πρὸς
1500 1307 1605 1342 ἄλλους
1627 1307 1768 1338 κλαίουσα

1058 1348 1105 1378 Μ.
1123 1349 1202 1379 Bon.
1265 1352 1295 1379 4.
1312 1348 1429 1388 ἀδελφὸν
1443 1348 1524 1391 ὅντα]
1540 1351 1647 1390 ἀνεψιὸν
1660 1350 1726 1380 ὄντα.
1741 1361 1768 1380 w

1059 1394 1088 1421 2.
1106 1391 1210 1421 Bekk.
1264 1395 1295 1422 9.
1311 1393 1489 1434 Χαριδήμου]
1505 1395 1653 1434 Χαριδήμῳ
1669 1405 1686 1424 a
1702 1398 1731 1424 1.
1749 1405 1769 1436 p

1059 1438 1110 1466 15.
1127 1435 1230 1465 Bekk.
1300 1439 1350 1466 12.
1366 1438 1417 1470 τῆς
1431 1448 1490 1466 om.
1510 1438 1578 1467 Fel.
1596 1440 1630 1468 Ρ.
1652 1439 1768 1467 Manut.

1060 1481 1111 1507 14.
1126 1477 1312 1510 Τηλεο-ίππην
1326 1490 1344 1508 a
1358 1482 1386 1509 1.
1435 1480 1518 1510 Ibid.
1528 1480 1692 1514 Εὐβουλίδην
1707 1492 1725 1510 a
1738 1484 1770 1510 1.

1059 1524 1111 1551 21.
1126 1521 1168 1560 τῷ
1182 1521 1279 1563 ίΑγν.]
1297 1523 1346 1552 τοῦ
1361 1521 1438 1562 Ἃγν.
1455 1533 1475 1563 p
1490 1526 1541 1555 15.
1585 1527 1637 1555 37.
1649 1524 1696 1554 καὶ
1709 1534 1770 1554 om.

1058 1575 1075 1594 a
1093 1568 1121 1595 1.
1139 1576 1158 1605 p
1176 1568 1229 1596 15.
1296 1568 1350 1596 38.
1368 1566 1380 1594 ὁ
1405 1567 1572 1597 secundum
1597 1578 1657 1597 om.
1678 1578 1698 1608 p
1717 1568 1769 1598 15.

1058 1614 1161 1649 antep.
1177 1608 1211 1638 τὸ
1227 1610 1392 1639 secundum
1408 1620 1469 1639 om.
1484 1621 1502 1640 a
1519 1613 1548 1640 1.
1565 1621 1586 1651 Ρ
1603 1613 1655 1642 15.
1712 1611 1769 1640 ult.

1057 1653 1145 1682 αυτοῦ
1161 1662 1181 1691 p
1198 1654 1229 1682 9.
1287 1675 1290 1678 ·

1101 1695 1137 1725 P.
1156 1696 1208 1725 75.
1228 1697 1258 1725 1.
1275 1694 1375 1725 ἑαυτοῦ
1394 1694 1458 1725 οὔτε
1472 1696 1553 1735 αὐτῷ’
1571 1695 1664 1736 τούτῳ
1679 1708 1772 1736 wear.

1057 1737 1089 1767 b.
1106 1748 1126 1778 p
1144 1740 1175 1769 9.
1192 1738 1296 1768 Bekk.
1363 1740 1394 1769 3.
1409 1739 1471 1780 οὐκ]
1490 1738 1543 1769 οὐδ’
1560 1750 1579 1778 Ρ
1595 1742 1625 1770 9.
1687 1740 1769 1770 Ibid.

1057 1779 1131 1826 ὄντος
1147 1791 1207 1811 om.
1222 1781 1252 1811 b.
1269 1792 1288 1822 p
1307 1783 1338 1812 9.
1356 1782 1461 1813 Bekk.
1505 1784 1536 1812 5.
1547 1782 1643 1813 οὑτοσὶ
1657 1782 1687 1813 b.
1703 1793 1723 1824 p
1741 1785 1770 1814 9.

1058 1825 1135 1858 οὑτος
1148 1824 1171 1853 εἰ
1187 1835 1204 1854 a
1217 1827 1247 1854 1.
1262 1835 1282 1864 p
1300 1825 1352 1854 15.
1417 1827 1449 1855 ¹7.
1465 1825 1509 1855 δ’τι
1524 1827 1691 1856 seeundum
1707 1837 1768 1857 om.

1058 1866 1089 1897 b.
1106 1878 1126 1908 p
1144 1870 1175 1898 9.
1234 1870 1265 1898 8.
1279 1866 1461 1906 Ἀπολήξιδος
1474 1869 1557 1898 malit
1574 1869 1681 1900 Bekk.
1738 1871 1770 1901 9.

1058 1915 1090 1940 et
1108 1913 1158 1940 10.
1174 1910 1299 1941 παλτίου
1312 1910 1341 1941 b.
1358 1922 1378 1952 p
1397 1914 1428 1942 9.
1473 1911 1555 1942 lbid.
1570 1913 1694 1952 ἀδελφῆς
1708 1929 1720 1935 -
1733 1930 1746 1935 -
1758 1931 1771 1936 -

1059 1953 1259 1993 προσπαλτίου
1274 1965 1334 1984 om.
1350 1965 1369 1984 a
1380 1958 1410 1984 1.
1427 1965 1447 1996 p
1463 1956 1514 1985 15.
1564 1954 1647 1985 Ibid.
1666 1955 1710 1996 δὲ]
1726 1957 1770 1996 μὴ

1058 2007 1079 2037 Ρ
1096 1999 1126 2028 9.
1193 2001 1243 2028 10.
1258 1995 1302 2037 ἦν]
1326 1998 1360 2027 ὢν
1375 2008 1395 2038 p
1412 2001 1464 2030 15.
1531 2001 1583 2028 11.
1599 1999 1611 2028 ὁ
1627 1997 1655 2028 δὲ
1672 1999 1771 2038 prima

1058 2051 1119 2071 om.
1135 2041 1202 2071 Fel.
1220 2041 1257 2071 P.
1270 2041 1391 2071 Manut.
1435 2041 1518 2072 Ibid.
1533 2040 1664 2082 Στρατίος
1679 2052 1700 2083 Ρ
1718 2044 1770 2074 15.

1060 2087 1110 2114 13.
1124 2083 1226 2122 ἔγγονοι
1244 2083 1275 2114 b.
1332 2087 1384 2115 18.
1401 2084 1469 2126 οὐδ’]
1487 2083 1559 2114 οὐδὲν
1574 2096 1594 2126 Ρ
1609 2087 1660 2116 15.
1716 2088 1769 2116 19.

1058 2127 1180 2166 πατρὸς]
1204 2128 1338 2157 πάππου
1360 2128 1407 2158 Μ.
1426 2128 1507 2158 Ben.
1574 2131 1626 2159 21.
1646 2129 1716 2162 παῖς
1737 2127 1770 2168 ἐξ

1057 2169 1170 2208 ἀνεψιοῦ
1189 2172 1232 2201 Μ.
1249 2171 1328 2200 Ben.
1395 2170 1476 2201 Ibid.
1492 2170 1504 2200 ὅ
1519 2181 1578 2200 om.
1596 2181 1613 2200 a
1631 2174 1659 2201 1.
1678 2182 1699 2212 Ρ
1717 2174 1770 2202 15.

1059 2218 1110 2245 22.
1124 2212 1168 2254 ἦν]
1186 2213 1220 2244 ὢν
1234 2224 1254 2253 Ρ
1272 2216 1323 2245 15.
1374 2213 1591 2256 Ιὴίᾱ.“Αγνίου]
1608 2213 1774 2254 Πολέμωνος

1059 2259 1104 2287 Μ.
1119 2257 1197 2287 Ben.
1243 2262 1345 2298 antep.
1363 2258 1428 2298 τοῦ]
1445 2259 1496 2291 τῆς
1511 2268 1528 2287 a
1541 2261 1571 2287 1.
1584 2268 1604 2297 p
1618 2260 1648 2289 9.
1665 2258 1770 2288 Bekk.

1059 2301 1113 2331 ult.
1130 2299 1209 2330 ἔστιν
1220 2299 1306 2341 οἶκος]
1324 2299 1395 2334 οἶκός
1408 2299 1488 2330 ἐστιν
1502 2300 1514 2329 ὁ
1530 2311 1550 2342 p
1568 2303 1598 2332 9.
1614 2301 1719 2332 Bekk.

1103 2387 1142 2417 P.
1158 2388 1212 2417 76.
1228 2391 1258 2418 ¹2.
1274 2362 1388 2424 ἒῖγόνων
1401 2386 1431 2416 b.
1499 2389 1529 2416 4.
1547 2387 1590 2426 τῷ
1601 2385 1696 2428 Ἅγια]
1721 2388 1772 2417 τοῦ

1037 2445 1040 2447 Δ
1054 2430 1136 2468 Ἀγν.
1148 2429 1176 2460 b.
1190 2440 1210 2470 p
1224 2434 1254 2462 9.
1301 2432 1332 2459 6.
1345 2429 1414 2467 γένει
1429 2429 1567 2469 ἀπωτὲξω
1583 2440 1604 2471 p
1621 2433 1650 2460 9.
1667 2430 1769 2460 Bekk.

1060 2477 1090 2504 8.
1102 2472 1208 2502 δίδωσιν
1225 2472 1404 2513 ὄνομοθὲτης
1419 2484 1437 2513 Ρ
1454 2475 1484 2503 9.
1498 2473 1600 2503 Bekk.
1646 2475 1696 2503 10.
1709 2479 1773 2504 NO—

1060 2523 1137 2546 MOI.
1162 2516 1266 2546 Bekk.
1336 2519 1386 2545 11.
1413 2518 1524 2554 Legem
1552 2527 1611 2545 om.
1634 2515 1664 2545 b.
1692 2527 1713 2556 p
1739 2519 1771 2547 9.

1061 2560 1143 2590 ibid.
1158 2559 1319 2600 καταλείπῃ
1334 2570 1351 2588 a
1369 2562 1398 2589 1.
1416 2570 1437 2599 p
1454 2561 1504 2590 15.
1522 2559 1624 2588 Bekk.
1686 2559 1770 2590 Ibid.

1060 2601 1178 2636 θυλείεις
1209 2603 1272 2632 Fel.
1297 2603 1335 2632 P.
1361 2603 1479 2632 Manat.
1559 2603 1609 2631 1⁰2.
1633 2602 1772 2645 ταυτῃσίν

1061 2646 1164 2676 Bekk.
1224 2646 1280 2675 ult.
1296 2646 1402 2687 μέχρις
1417 2655 1437 2686 p
1454 2648 1505 2675 15.

1105 2691 1140 2719 Ρ.
1156 2691 1210 2718 77.
1229 2692 1259 2719 1.
1274 2687 1318 2728 ἦν]
1333 2688 1351 2731 ᾖ
1366 2699 1385 2729 Ρ
1402 2690 1431 2718 9.
1449 2688 1552 2719 Bekk.
1620 2688 1703 2718 Ibid.
1717 2689 1772 2727 ἀγ-

1059 2733 1185 2774 xva-&rw
1202 2742 1222 2772 p
1241 2733 1291 2762 15.
1358 2734 1391 2762 6.
1405 2729 1479 2770 μηδὲ
1496 2730 1529 2760 τὸ
1544 2732 1690 2773 «παράπαν
1705 2743 1724 2761 a
1739 2736 1771 2762 1.

1061 2776 1091 2806 b.
1109 2787 1128 2816 Ρ
1147 2778 1175 2806 9.
1195 2777 1246 2806 15.
1261 2774 1364 2805 Bekk.
1430 2775 1513 2805 Ibid.
1528 2772 1595 2805 ὦσιν
1611 2775 1686 2805 Ald.
1703 2775 1770 2805 Fel.

1061 2820 1098 2849 P.
1112 2820 1230 2848 Manut.
1245 2817 1271 2848 ἒν
1282 2818 1325 2857 τῷ
1339 2818 1407 2857 οἴκῳ
1417 2814 1491 2847 οἷσιν
1506 2820 1574 2858 p›9.
1589 2817 1693 2848 Bekk.
1739 2820 1770 2847 7.

1061 2863 1127 2903 τοῦ]
1144 2861 1187 2901 τῷ
1201 2862 1231 2891 b.
1245 2872 1265 2902 p
1282 2864 1314 2893 9.
1331 2864 1382 2892 15.
1399 2861 1501 2891 Bekk.
1566 2860 1648 2890 Ibid.
1659 2858 1769 2891 τίνικοιὶ

1062 2905 1112 2935 δίδ.
1134 2906 1164 2934 b.
1179 2915 1199 2944 p
1215 2907 1245 2935 9.
1261 2904 1364 2934 Bekk.
1431 2907 1462 2934 8.
1476 2901 1582 2942 Ἃγνιόυ
1605 2904 1770 2934 secundum

1062 2959 1121 2978 om.
1138 2950 1168 2978 b.
1186 2959 1205 2988 p
1223 2950 1252 2978 9.
1272 2947 1370 2977 Bekk.
1435 2950 1537 2986 autep.
1557 2947 1655 2981 αὐτοῖς
1677 2957 1698 2986 Ρ
1720 2947 1770 2977 15.

1061 2992 1142 3022 Ibid.
1154 2990 1199 3020 τὸν
1213 2992 1378 3021 secundum
1392 3002 1452 3020 om.
1462 2999 1482 3028 p
1496 2992 1545 3021 15.
1590 2990 1645 3020 ult.
1657 2990 1770 3030 Legem

1062 3046 1123 3064 om.
1139 3036 1168 3064 b.
1184 3046 1203 3075 p
1216 3037 1246 3065 9.
1299 3033 1382 3063 Ibid.
1395 3031 1515 3064 θηλυκὸν
1530 3044 1551 3073 Ρ
1567 3034 1618 3063 15.
