1914 3372
443 477 844 534 RECENSIO
889 473 1322 534 LIBRORUM

247 620 319 662 ET
352 621 934 664 MANUSCRIPTORUM
968 620 1042 662 ET
1073 611 1523 662 IMPRESSORUM

443 743 518 778 QUI
539 742 940 772 COMMEMORANTUR
960 743 1009 771 IN
1032 742 1116 772 Hoc
1140 739 1326 770 LIBELLO

220 844 577 884 VARIANTIUM
608 845 934 885 LECTIONUM
963 838 1552 885 DEMOSTHENchRUM.

864 958 905 978 ET

325 1054 485 1090 NOTAE
511 1055 703 1097 QUIBUS
731 1055 949 1090 SINGULI
975 1053 1267 1090 DESIGNATI
1297 1050 1443 1087 SUNT.

568 1284 805 1323 CODICES
836 1280 1209 1320 PARISIENSES.

212 1404 238 1442 p
260 1395 295 1429 1.
315 1394 434 1430 2940.
466 1390 568 1429 Cod.
590 1390 849 1444 bombycinus
872 1403 966 1428 saec.
988 1389 1105 1426 XIII.
1129 1388 1194 1438 qui
1215 1386 1346 1438 plures
1362 1384 1482 1422 habet
1506 1381 1614 1418 Dem.

160 1460 258 1492 orat.
297 1466 386 1491 cum
418 1455 697 1493 commentario
735 1453 916 1505 Ulpiani:
954 1458 1083 1490 textus
1121 1448 1359 1489 describitur
1392 1443 1512 1483 literis
1548 1441 1617 1479 mi-

161 1515 287 1553 uiatis.
345 1515 631 1554 Desiderantur
656 1529 785 1555 causae
810 1529 858 1567 pr
841 1516 986 1560 ,ivatae‚
1007 1512 1168 1551 exordia
1195 1510 1442 1553 concionum,
1470 1512 1509 1543 et
1535 1503 1617 1554 epi-

161 1578 387 1616 stolae.1u
408 1578 482 1616 hoc
514 1580 601 1617 cod.
623 1592 740 1630 quem
761 1578 824 1617 ed.
851 1578 940 1616 Par.
961 1575 1139 1627 designat
1160 1586 1230 1625 per
1253 1573 1406 1611 literam
1436 1586 1462 1607 α
1485 1567 1618 1619 plures

159 1640 283 1689 reperi
303 1639 467 1690 optimas
488 1639 690 1679 lectiones.

213 1715 240 1752 p
261 1706 299 1739 2.
319 1706 438 1741 2995.
469 1702 569 1740 Cod.
601 1702 784 1753 bombyc.
808 1714 899 1740 saec.
920 1700 1016 1739 XII.
1045 1699 1138 1738 satis
1159 1698 1356 1749 eleganter
1385 1694 1553 1745 scriptus
1580 1695 1621 1727 et

162 1764 253 1817 satis
273 1765 387 1802 bonae
409 1772 528 1810 notae,
557 1765 624 1815 qui
652 1765 752 1803 inter
771 1770 916 1802 caetera
936 1763 1070 1801 eadem
1093 1774 1249 1812 prorsus
1271 1760 1389 1798 habet
1416 1770 1463 1794 ac
1494 1753 1619 1793 codex

161 1830 279 1865 2994.
293 1840 320 1878 p
335 1830 416 1874 16.,
431 1827 503 1865 nisi
519 1827 625 1878 quod
643 1827 779 1877 primae
801 1826 996 1864 orationes
1014 1825 1160 1863 habent
1175 1822 1324 1862 scholia
1343 1821 1391 1860 ad
1411 1818 1620 1870 marginem

117 1925 119 1927 .
159 1887 264 1926 lectu
284 1857 470 1936 difficilia,
493 1889 567 1927 alia
598 1889 756 1934 inedita,
776 1888 851 1926 alia
877 1901 924 1926 ex
943 1887 1117 1938 Ulpiano
1138 1886 1356 1935 desumpta.
1413 1882 1532 1919 Hunc
1553 1890 1622 1916 cou

163 1950 288 1988 dicem
310 1950 373 1987 ed.
393 1950 482 1988 Par.
499 1949 567 1987 des
553 1949 678 2000 ignat
697 1962 767 2000 per
785 1949 933 1987 literam
953 1947 995 1996 β.

216 2025 244 2063 p
268 2015 305 2050 3.
333 2015 452 2051 2938.
482 2011 585 2050 Cod.
617 2012 740 2050 chart.
765 2014 935 2062 scriptus
963 2023 1078 2048 manu
1111 2008 1272 2047 Antonii
1296 1999 1620 2045 Mediolanensis,

164 2085 266 2111 auno
282 2077 400 2120 1480,
417 2086 496 2123 quo
514 2073 614 2111 inter
634 2079 776 2111 caetera
795 2073 990 2124 leguntur,
1004 2070 1284 2110 Demosthenis
1301 2069 1381 2107 vita
1401 2081 1425 2105 e
1442 2063 1622 2109 Libanio,

164 2149 297 2174 omnes
318 2136 432 2174 Dem.
453 2143 555 2175 orat.
573 2136 755 2175 adversus
776 2136 998 2188 Philippum
1020 2149 1108 2174 cum
1132 2132 1429 2187 hypothesibus,
1446 2128 1623 2180 ejusdem

165 2204 263 2237 orat.
289 2197 339 2236 de
366 2198 615 2237 Rhodiorum
640 2198 836 2244 libertate,
857 2197 907 2236 de
936 2197 1093 2236 Corona
1116 2203 1156 2235 et
1183 2196 1232 2235 de
1260 2195 1360 2234 male
1380 2193 1488 2231 obita
1516 2191 1623 2241 lega-

163 2260 271 2298 tione
299 2259 415 2298 etiam
446 2273 535 2299 cum
568 2261 733 2312 hypoth.
792 2261 912 2299 Hunc
942 2260 1033 2299 cod.
1062 2259 1240 2310 designat
1268 2257 1330 2295 ed.
1360 2255 1448 2293 Par.
1479 2266 1550 2305 per
1578 2252 1623 2290 li-

165 2328 287 2361 teram
306 2339 347 2372 γ,

218 2397 247 2435 p
269 2388 307 2424 4.
327 2387 446 2425 2996.
476 2384 577 2423 Cod.
605 2385 788 2437 bombyc.
817 2384 854 2422 in
877 2398 955 2436 quo
975 2398 1062 2423 cum
1091 2383 1265 2435 plurimis
1293 2381 1476 2420 Aristidis
1507 2379 1624 2417 orati-

167 2446 308 2484 onibus
335 2447 593 2497 reperiuntur,
615 2448 729 2485 Dem.
759 2461 815 2485 or.
842 2447 891 2485 de
921 2447 1017 2485 male
1048 2447 1155 2485 obita
1179 2445 1387 2496 legatione,
1409 2456 1466 2481 or.
1492 2441 1626 2480 AEsch.

167 2507 282 2545 etiam
307 2508 356 2546 de
376 2508 476 2546 male
496 2508 603 2547 obita
624 2509 831 2560 legatione,
851 2522 941 2547 cum
963 2508 1119 2547 scholiis
1139 2508 1294 2546 ineditis
1314 2505 1537 2550 fusioribus,
1559 2504 1624 2541 iis-

170 2569 256 2607 dem
279 2584 366 2620 quae
394 2571 577 2622 leguntur
603 2571 642 2609 in
661 2571 781 2611 codd.
802 2576 922 2610 2930.
945 2578 984 2610 et
1003 2574 1124 2609 3003.
1170 2570 1323 2607 Ibidem
1344 2574 1404 2607 est
1429 2565 1626 2618 appendix

171 2631 259 2669 vitae
274 2633 467 2671 AEschinis
485 2646 597 2685 quam
614 2634 760 2673 habeut
775 2634 839 2672 alii
858 2634 945 2672 libri
966 2641 1047 2671 tum
1069 2632 1321 2683 manuscripti
1338 2637 1419 2669 tum
1436 2627 1624 2680 impressi.

172 2692 230 2729 Ex
250 2693 324 2731 hoc
344 2695 449 2741 cod„
472 2709 588 2746 quem
609 2696 670 2734 ed.
693 2697 781 2736 Par.
802 2696 984 2747 designat
1005 2709 1074 2747 per
1090 2695 1239 2733 literam
1260 2694 1293 2741 δ,
1317 2693 1455 2731 multas
1480 2697 1517 2728 et
1541 2690 1624 2740 qu'k-

172 2753 260 2792 dem
281 2756 444 2804 optimas
463 2758 602 2809 accepi
622 2759 824 2798 lectiones.

225 2828 252 2866 p
271 2819 308 2853 5.
336 2821 454 2857 3000.
482 2819 582 2858 Cod.
605 2820 730 2859 chart.
752 2833 839 2859 saec.
864 2820 976 2858 XVI.
997 2819 1194 2871 eleganter
1212 2819 1391 2869 scriptus,
1413 2816 1479 2867 qui
1510 2814 1629 2852 habet

175 2889 309 2914 omnes
321 2877 432 2915 Dem.
448 2891 502 2917 or.
519 2880 714 2930 politicas,
731 2889 812 2920 tum
825 2887 962 2920 contra
979 2880 1214 2932 Philippum,
1230 2886 1309 2917 tum
1325 2879 1433 2925 alias,
1449 2890 1504 2915 οι·.
1521 2874 1626 2925 ejus-

175 2937 263 2976 dem
283 2938 331 2976 de
362 2940 458 2978 male
478 2941 584 2981 obita
603 2943 810 2995 legatione,
833 2944 883 2982 de
910 2943 1080 2990 Corona,
1102 2942 1282 2981 adversus
1307 2940 1525 2990 Leptinen),
1549 2938 1629 2976 Mi-

175 2999 293 3046 diam,
325 3000 631 3049 Androtionem;
670 3007 729 3045 his
758 3006 937 3045 omnibus
972 3004 1228 3056 praefiguntur
1263 3003 1511 3053 hypotheses.
1570 3001 1627 3038 Ex
