1898 3356
245 217 331 259 308

241 320 307 351 εῖναι
332 321 491 355 Βούλονται·
515 323 561 353 οὐκ
576 322 666 363 &gear
691 322 756 354 ’ἐστι
779 323 807 354 δὲ
832 323 958 361 διηγησις

241 365 436 402 ἀποδεικτικὴ,
451 366 499 396 καὶ
522 365 612 397 τύπου
636 366 720 407 μόνου
742 367 791 397 καὶ
817 373 955 404 ’ωλαγια-

243 409 322 447 σμοῧ
347 407 411 448 πρὸς
435 409 622 440 κατάστασιν
642 410 766 445 νεύουσα,
781 410 809 439 οὗ
825 411 881 448 μῆν
896 421 957 444 τοις

243 451 413 490 πράγμασι.
443 452 577 486 Βούλεται
607 453 691 484 τοίνυν
718 453 880 491 ἀποδεῖξαι,
911 452 955 482 ὅτι

243 493 331 528 αὐτὸς
345 495 393 524 οὐκ
417 493 546 536 ἐγενόμην
567 496 655 531 αἴτιος
678 497 727 525 τοῦ
751 498 867 527 ποιῆσαι
891 495 954 525 οὔτε

242 539 293 568 τὴν
318 537 427 576 εἰρηνην,
454 538 516 569 οὔτε
543 552 576 569 το
603 541 683 579 μετὰ
714 550 798 569 κοινου
823 537 956 578 συνεδρίου

243 579 378 616 γενέσθαι
399 580 540 612 ἐκώλυσα.
566 583 649 613 ΒΑν.
679 587 725 621 (p.
744 585 794 613 93.
811 594 837 612 e.
858 587 888 614 2.
905 582 954 622 8.)

244 621 416 663 Ἐνόμισαν·
433 643 445 647 -
462 643 474 648 ν
489 625 575 655 πόθεν
597 629 650 666 γὰρ
676 626 792 663 δίκαιον,
823 625 956 665 λέγομεν,

242 664 286 696 δ’τι
302 684 315 690 -
328 685 340 689 -
355 684 368 690 -
382 667 514 706 διήγησις.
538 671 626 700 AUG.

287 712 395 740 —17
418 712 481 753 που]
503 711 552 754 (p.
569 715 621 744 93.
637 723 665 742 c.

242 752 336 794 χάριν.
359 753 466 786 IDEM.

284 802 444 836 —antep.
466 802 504 831 οἱς
524 810 579 839 γαρ
599 798 810 840 εὐτυχήκεσαν]
828 797 953 839 Σημείω-

241 850 305 869 σαι·
321 838 476 881 ἐπίκρισις.
500 841 590 871 Bm.

288 883 327 912 P.
341 887 396 914 41.
419 885 474 914 ult.
496 883 551 914 εἰτ’
562 883 585 913 οὐ
599 903 644 907 -—
658 884 688 913 τί
702 895 734 913 αν
753 884 836 914 εἰπών
860 884 893 915 σέ
909 897 955 919 τις

241 924 330 965 ὀρθῶς
339 926 497 968 προσείποι]
511 929 566 958 Δια
582 930 633 961 τῆς
642 926 758 966 ἀπορίας
774 927 890 957 δείκνυσι
902 931 954 962 τῆς

241 969 378 1021 ’πονηρίας
391 968 425 998 τὸ
446 969 585 1008 μέγεθος,
609 972 644 1005 ὡς
664 970 692 999 οὐ
715 970 859 1008 δυνάμενος
874 971 954 1001 δῆθεν

241 1009 297 1040 δι”
289 1012 343 1046 ενός
356 1012 494 1051 ὀνόματος
510 1013 635 1043 δηλῶσαι
657 1015 698 1043 τὰ
713 1014 809 1043 πάντα
825 1013 952 1053 πονηρεύ-

239 1066 331 1093 ματα
346 1054 488 1094 προσόντα
510 1056 552 1095 τῷ
558 1055 702 1108 Αἰσχίνῃ·
720 1057 757 1089 ὡς
773 1055 805 1085 ἂν
821 1056 843 1086 εἰ
861 1056 952 1096 ἐ’λεγε·

240 1096 292 1126 nav
307 1098 487 1137 συνοφάντην,
502 1098 622 1138 ευλόγως
637 1100 701 1153 ἐρῶ
714 1099 764 1129 κᾶν
780 1098 855 1128 οίλλο
869 1111 910 1136 τι,
924 1101 953 1130 οὗ

239 1141 447 1180 σφαλησομαι·
463 1153 539 1173 ποιον
555 1141 596 1173 οὐν
611 1142 676 1185 εὕρω
689 1154 788 1181 ονομα,
810 1141 955 1182 ἁρμόττον

240 1194 276 1214 ’τη
293 1183 333 1215 σῆ
352 1185 446 1223 φύσει.
464 1186 499 1219 ὡς
524 1188 579 1226 γὰρ
598 1188 640 1238 μὴ
666 1184 794 1240 εὑρίσκων
812 1198 859 1215 και
879 1197 953 1228 σχε-

240 1216 367 1267 τλιάξων
378 1229 453 1268 «πρὸς
467 1240 563 1264 τουτο,
574 1226 763 1268 λέγειτοωτί
778 1228 810 1259 ἒιν
822 1229 905 1261 εἰπών
920 1241 952 1260 σε

239 1268 327 1309 ὀρθῶς
341 1271 421 1313 (sie)
436 1272 593 1312 προσείποι.
616 1273 709 1303 Auo.

284 1314 391 1345 P.42.
413 1318 465 1346 18.
489 1315 538 1346 ἐπι
560 1318 609 1347 τήν
627 1315 736 1358 εἶρηνην]
764 1316 954 1356 Κομματικον

238 1355 286 1385 καὶ
301 1357 484 1388 διαλεκτικόν.
507 1360 596 1390 ΒΑν.

283 1400 323 1429 Ρ.
338 1402 432 1432 44.1.
449 1400 606 1443 Ἐργίσκην]
621 1402 796 1441 Σημείωσαι·
812 1401 952 1444 Ἐργίσκη,

238 1440 251 1470 ὃ
263 1442 427 1481 λέγουσινῆν
443 1445 612 1486 Σεργέντζιν.
634 1446 742 1476 IDEM.

280 1489 370 1517 —8.
391 1487 520 1529 γράψαι]
537 1490 588 1531 (p.
603 1492 657 1521 94.
673 1501 702 1519 c.
715 1493 746 1520 2.
762 1488 834 1529 ⁶27.)
858 1489 952 1531 Αἰσχ.

237 1529 273 1562 ὡς
288 1529 334 1560 διὰ
348 1547 391 1553 --
399 1532 456 1571 (-—
468 1532 540 1573 31.)
556 1533 742 1572 κατανεῖμαι.
766 1534 858 1562 AUG-

281 1574 518 1605 -10.ἀλλ’ἐν
533 1577 591 1605 τοῖν
606 1575 676 1605 δυοιν
690 1574 813 1616 ὀβολοῖν]
829 1576 878 1616 (p.
898 1577 950 1605 94.

238 1625 267 1644 c.
285 1618 317 1646 2.
334 1616 406 1658 44.)
431 1617 485 1652 ‘nc
504 1619 549 1648 ὅτι
571 1619 663 1652 οβολον
681 1618 874 1658 [videbatur,
891 1629 950 1648 non

236 1659 397 1696 τριωβολον,
429 1665 462 1690 ut
491 1662 585 1702 vulgo
618 1662 734 1691 editum
763 1668 820 1692 est.
850 1662 951 1691 saltim

237 1699 329 1733 oCon
347 1714 403 1743 per
417 1705 565 1741 omicron,
580 1715 638 1734 non
655 1715 711 1744 per
727 1715 845 1743 omega,
869 1706 950 1734 clare

237 1751 303 1774 erat
328 1749 502 1801 exaratum]
527 1766 571 1771 --
594 1749 654 1789 (-—
678 1748 750 1800 45.)
772 1747 887 1786 γνωτέον
909 1765 951 1770 —-

237 1788 298 1828 (—-
312 1790 365 1819 47.
370 1788 384 1829 )
401 1788 439 1824 εις
456 1790 521 1832 πρὸς
544 1790 600 1826 ε’να,
624 1789 694 1820 ἀλλ’
717 1791 745 1820 οὐ
768 1801 792 1820 π
794 1790 835 1831 ρός
849 1791 893 1821 δύο
909 1809 951 1813 -

234 1833 292 1870 (-—
307 1835 360 1863 48.
365 1832 380 1873 )
396 1831 438 1862 οὖν
453 1845 514 1865 om.
531 1852 575 1858 —-
590 1834 649 1876 (—
666 1834 757 1874 ibid.)
781 1846 857 1873 σημ.
881 1834 950 1864 διότι

236 1873 340 1915 εὑρίσκ.
366 1877 477 1907 IDEM.

682 711 801 753 217.)
824 722 870 742 πω
888 712 955 753 προς

277 1936 321 1941 -
337 1919 392 1949 ult.
417 1918 471 1951 ἔννη
488 1920 536 1951 καὶ
553 1919 638 1962 νέα]
642 1926 664 1949 Η
678 1922 799 1951 τελευτῆ
821 1921 872 1950 τοῦ
884 1931 950 1960 προ-

233 1972 265 1990 τε
256 1958 313 2001 ’ρου
325 1962 422 2002 μηνὸς,
435 1964 483 1993 και
496 1966 510 1995 ἢ
527 1966 599 2005 ἀρχῆ
615 1975 664 1993 του
681 1963 808 2003 ὑστέρου.
835 1964 922 1994 BAv.

278 2005 318 2034 P
343 2008 397 2037 49.
420 2009 453 2037 3.
475 2007 618 2048 κάθηντο]
641 2007 691 2048 (p.
713 2009 765 2038 95.
789 2006 950 2048 c.1.17.)

232 2047 323 2079 AUG-

277 2109 320 2114 —
348 2095 400 2122 11.
424 2093 617 2135 δωροδόκημα]
643 2094 692 2133 (p.
715 2095 768 2125 95.
786 2105 815 2123 c.
832 2097 862 2123 1.
879 2092 951 2134 30.)

233 2138 419 2174 παρισουσῶν.
444 2136 532 2166 Bm.

276 2195 318 2200 —-
337 2182 387 2209 13.
410 2179 459 2208 καὶ
477 2179 546 2210 τότε
560 2179 609 2209 καὶ
631 2179 673 2209 νῖὶν
686 2179 734 2208 καὶ
750 2178 810 2218 ἀεῖ]
831 2179 878 2219 (p.
894 2182 946 2211 95.

232 2231 261 2249 c.
280 2225 309 2251 1.
322 2222 392 2262 34.)
416 2223 487 2257 Τοὺς
502 2241 514 2247 -
531 2241 542 2246 -
561 2240 573 2246 -
589 2221 740 2263 δυσμενείᾳ,
759 2221 827 2250 κατ’
846 2223 948 2253 αὐτῶν.

231 2265 322 2294 AuG.

275 2308 313 2337 P.
325 2310 379 2338 51.
397 2311 449 2338 10.
469 2308 660 2349 οἰκειότητας]
679 2307 729 2349 (p.
747 2311 797 2339 95.
814 2320 841 2339 c.
853 2312 882 2339 Q.
899 2310 948 2350 4.)

231 2350 419 2381 συνάπτουσι.
444 2351 553 2382 IDEM.

274 2411 318 2416 —
348 2397 399 2425 13.
432 2394 627 2435 ἀναλγησίας]
667 2393 869 2429 Ἀναισθηο-ίας
897 2396 946 2425 καῖ

231 2436 431 2477 σκληρότητος.
455 2439 623 2469 Lssssmc..

274 2481 312 2510 Ρ.
327 2482 382 2511 5⁰2.
401 2483 433 2510 7.
457 2483 614 2522 πρυτάνεων
636 2481 683 2511 καὶ
710 2480 828 2522 Βουλῆς]
856 2487 946 2512 Δικα-

231 2523 341 2564 στῆριον
355 2523 471 2564 φονικόν.
493 2526 581 2555 BAV.

273 2585 316 2589 ———
333 2570 384 2596 18.
407 2567 600 2608 Ῥαμνοῦντα]
622 2565 796 2607 Ῥαμνουσία
809 2565 943 2607 Νέμεσις·

229 2609 302 2641 αὕτη
313 2612 420 2650 πρῶτον
429 2609 587 2651 αφίδρυτο’
578 2623 603 2640 εν
615 2610 778 2650 Ἀφροδίτης
789 2611 943 2650 σχηματι·

229 2653 268 2683 διὸ
280 2653 326 2683 καὶ
337 2654 437 2683 κλάδον
452 2653 515 2705 εἰχε
530 2653 655 2693 μηλέας·
670 2653 805 2693 ιδρύσατο
817 2652 841 2683 δ’
859 2653 944 2684 αὐτὴν

228 2695 392 2737 Ερεχθεὺς,
403 2696 518 2737 μητέρα
533 2696 636 2727 ἑαυτοῦ
658 2701 751 2732 ουσαν,
766 2695 942 2737 ὄνομαζομέ-

226 2751 268 2770 νην
283 2740 311 2770 δὲ
326 2739 461 2780 Νέμεσιν,
474 2740 521 2770 καὶ
533 2739 768 2770 camma-was
760 2751 785 2769 εν
797 2741 838 2770 τῶ
849 2739 942 2779 τόπῳ·

224 2782 259 2813 τὸ
274 2782 302 2813 δὲ
326 2783 456 2822 ἄγαλμα
477 2783 610 2818 Φειδίας’
600 2782 736 2819 εποίησεν,
759 2795 789 2813 ου
814 2785 862 2814 τῆν
877 2782 941 2813 ἐπι-

226 2829 334 2866 γραφὴν
360 2825 519 2880 ἐχαρίσατο
549 2825 749 2866 Ἀγορακρίτῳ,
769 2825 812 2865 τῷ
834 2826 938 2866 Παρίῳ,

223 2869 362 2911 ἐρωμένου·
379 2882 406 2904 ος
422 2870 470 2900 καὶ
479 2870 664 2908 Ὀλυμπιάσι
680 2871 721 2909 τῷ
736 2868 871 2908 δακτύλῳ
887 2871 937 2899 τοῦ

225 2912 291 2946 Διος
313 2912 473 2953 ἐπέγραψεν
495 2914 638 2954 &023an-
662 2912 748 2946 καλὸς
773 2911 797 2942 δ’
818 2917 845 2942 ἠν
860 2911 938 2947 οὗτος

223 2955 358 2995 Ἀργεῖος,
370 2955 501 2997 ἐρώμενος
516 2957 615 2987 αὐτοῦ.
637 2956 670 2996 [e
682 2957 785 2986 Suida.
791 2955 804 2996 ]
828 2955 936 2986 IDEM.

269 3000 305 3030 P.
321 3002 374 3031 54.
391 3002 421 3030 4.
446 2998 540 3041 ᾤ’χετο
556 2998 689 3040 λαβὼν]’
693 2999 759 3029 Αντι
775 3011 824 3028 του
840 3011 935 3029 κατα-

221 3043 434 3083 δουλωσάμενος
443 3043 581 3078 Θηβαίους
591 3042 638 3072 καὶ
655 3043 829 3076 Θετταλούς.
846 3044 935 3075 AUG-

840 215 1104 259 SCHOLIA

1034 340 1076 345 ——-
1100 333 1171 361 pen.
1195 325 1319 364 γεωργῶν
1335 325 1376 354 τὰ
1399 322 1517 365 ἐκείνων]
1543 324 1589 366 (p.
1607 326 1657 357 95.
1672 337 1702 357 c.

992 367 1023 396 2.
1038 368 1089 397 49.
1096 364 1134 407 )‘
1136 367 1244 397 Ωσανει
1258 385 1270 390 -
1287 384 1300 390 -
1315 385 1328 391 -
1343 366 1559 404 πεπλούτηκας.
1580 367 1690 402 IDEM.

1036 427 1076 431 —
1094 409 1170 439 ibid.
1192 421 1219 443 ος
1243 409 1319 444 εὐθυς
1335 409 1506 452 ἐξητούμην]
1533 411 1582 453 (p.
1601 414 1653 443 95.
1672 423 1703 442 c.

990 454 1021 481 ¹2.
1053 452 1128 492 ult.)
1156 454 1320 483 Μετοὶοω.
1345 456 1460 495 —-(p.
1478 457 1531 486 96.
1552 466 1581 486 c.
1606 458 1636 485 1.
1655 455 1703 495 1.)

990 494 1117 527 Θηβαίων
1129 513 1170 518 —
1185 495 1275 537 (—⁰
1256 511 1285 528 ο.
1288 497 1302 537 )
1316 496 1354 530 εἷς
1369 497 1509 538 τιμωρίαν
1520 509 1580 529 om.
1593 497 1702 529 IDEM.

1033 538 1072 567 Ρ.
1084 540 1138 570 55.
1156 543 1206 571 16.
1222 540 1352 590 περιϊὼν]
1371 540 1422 582 (p.
1436 543 1487 572 96.
1504 552 1531 571 c.
1548 545 1577 572 1.
1593 540 1701 582 19)Τὸ

988 583 1098 622 σχῆμα
1116 580 1290 622 --γέγονε
1306 585 1431 624 πνεῦμα.
1453 585 1542 615 BAv.

1031 642 1074 647 —-
1091 628 1142 656 17.
1156 625 1305 666 Ιλλυριους
1319 627 1366 656 καὶ
1378 627 1571 670 Τριβάλλους]
1587 626 1636 670 (p.
1648 630 1700 660 96.

987 677 1016 697 c.
1034 671 1061 697 1.
1079 668 1151 709 22.)
1175 671 1262 700 Auo.

1031 729 1074 733 ——
1101 715 1152 742 2⁰2.
1175 712 1198 743 εἰ
1227 712 1254 742 δὲ
1277 725 1320 752 μη
1347 712 1518 754 η’σὲάνοντο]
1552 711 1701 753 Ἐργασία·

987 752 1040 789 ἕως
1053 753 1105 784 ὦδε
1117 768 1151 785 το
1168 759 1286 796 πρῶτον
1303 767 1432 797 πνευμα,
1446 756 1512 788 εῖτα
1524 756 1559 787 τὸ
1571 756 1702 797 δεύτερον.

986 797 1071 828 Bm.

1032 842 1069 871 Ρ.
1085 842 1138 872 56.
1152 844 1203 872 10.
1219 841 1404 885 ἐδωροδόκουν]
1419 841 1468 885 (p.
1481 845 1533 874 96.
1543 854 1570 874 c.
1584 845 1614 873 1.
1627 842 1701 886 54.)

988 881 1097 915 IDEM.

1029 945 1070 949 -—
1084 933 1187 967 antep.
1210 927 1301 982 μέχρι
1323 928 1442 970 τούτου]
1466 931 1557 959 Τοῦτο
1579 928 1701 967 λέγεται

986 966 1160 1012 ἐπαναφορὰ,
1183 971 1229 1001 διὰ,
1242 972 1276 1001 τὸ
1298 973 1377 1001 κατα
1396 972 1532 1011 συζυγίαν
1555 971 1701 1013 ἐξενεχθῆ-

986 1021 1038 1048 ναι,
1053 1014 1101 1043 και
1119 1013 1328 1067 λαμπρότητος
1349 1015 1490 1050 πλείστης
1511 1027 1560 1046 και
1576 1016 1701 1051 καλλους

985 1055 1121 1097 μετέχει,
1132 1057 1175 1086 δια
1185 1068 1218 1086 το
1233 1056 1410 1092 πεπονθότως
1418 1057 1515 1111 ’λέγειν
1526 1070 1572 1088 τον
1586 1058 1699 1100 ρήτορα·

986 1101 1066 1129 κατα
1081 1102 1167 1129 κῶλον
1181 1099 1234 1131 δέ’
1225 1111 1317 1136 εστιν,
1332 1099 1397 1142 δ’περ
1417 1099 1484 1131 ἐστὶ
1498 1101 1547 1131 καὶ
1568 1103 1698 1142 παρισώ-

986 1151 1058 1176 σεως
1087 1142 1166 1177 εῖδος·
1197 1141 1300 1197 μέχρι,
1327 1143 1432 1195 μέχρι,
1455 1143 1558 1185 μέχρι.
1591 1144 1701 1176 IDEM.

988 1187 1099 1226 Σχημα
1124 1198 1175 1220 της
1200 1198 1278 1216 κατα
1303 1189 1390 1217 κῶλον
1415 1185 1604 1229 ἐπαναφορας.
1632 1187 1700 1229 δ’πέρ

986 1227 1053 1258 ἐστι
1068 1229 1117 1259 καὶ
1131 1230 1316 1270 παρισώσεως
1330 1229 1411 1265 εἶδος.
1436 1231 1536 1261 LESS1
1543 1241 1602 1262 NG

1031 1273 1068 1302 P.
1091 1275 1219 1304 57.10.
1243 1273 1292 1303 καὶ
1315 1274 1378 1314 περι
1391 1273 1447 1314 μὲν
1471 1276 1528 1305 τῶν
1542 1273 1629 1315 τότε]
1648 1273 1698 1316 (p.

988 1316 1041 1345 96.
1058 1327 1086 1346 o.
1105 1320 1135 1346 ⁰..².
1151 1319 1203 1348 28.
1208 1316 1223 1357 )
1239 1316 1279 1346 διὸ
1294 1317 1345 1346 καὶ
1360 1316 1402 1347 ἐκ.
1425 1317 1516 1348 BAv.

1029 1376 1072 1382 -—
1096 1362 1148 1390 12.
1181 1360 1271 1400 ὥςπερ
1303 1360 1491 1400 ἑωλοκρασίαν
1516 1360 1597 1401 τινα]
1628 1358 1698 1390 ’Ότι

985 1413 1064 1435 ουτος
1088 1402 1101 1432 ὅ
1130 1402 1210 1443 χθὲς
1231 1403 1279 1433 καὶ
1304 1403 1393 1444 πρώην
1414 1402 1530 1443 ἐκέρασε
1557 1404 1698 1443 πρᾶγμα,

985 1444 1104 1485 τημερόν
1117 1458 1175 1485 μου
1188 1445 1344 1488 καταχέει,
1361 1446 1411 1476 και
1433 1445 1487 1485 ἐμὲ
1508 1447 1698 1487 πραξαίφησι

985 1499 1026 1517 τα
1056 1491 1149 1523 κακῶς
1177 1490 1258 1528 αὐτῷ·
1291 1488 1522 1530 οἶκονομηὲέντα.
1555 1488 1641 1529 ἕτεροι
1670 1490 1698 1520 δέ

985 1538 1086 1570 φασιν,
1101 1530 1145 1562 δ’τι
1168 1531 1308 1574 Ἀθήνησιν
1321 1531 1378 1567 ’έθος
1391 1530 1422 1563 ’ἦν
1440 1533 1501 1568 τοῖς
1514 1530 1591 1569 νέοις,
1605 1532 1700 1564 εἴποτε

986 1575 1123 1616 παννυχὶς
1142 1575 1192 1612 ε’ίη,
1215 1577 1334 1616 κιρνάναι
1347 1577 1499 1616 κρατῆρας,
1522 1576 1581 1606 κάκ
1594 1576 1702 1607 τούτων

984 1616 1192 1656 μεθύσκεσθαι·
1205 1617 1292 1650 ἕωθεν
1303 1619 1343 1654 δὲ,
1357 1620 1380 1649 εἰ
1399 1617 1606 1659 παραλείποιτο
1619 1622 1699 1651 κατὰ

984 1663 1040 1690 τῶν
1059 1661 1284 1692 ἀπαυδησίιντων
1300 1661 1325 1692 ἐν
1338 1661 1383 1701 τῷ
1402 1661 1483 1701 πότῳ
1503 1663 1699 1693 κατασκιδνα-

984 1714 1037 1737 ναι,
1062 1706 1214 1738 καλοῦντες
1239 1706 1325 1734 τοῦτο
1356 1704 1556 1757 ἑωλοκρασίαν.
1584 1704 1641 1743 ἐγὼ
1668 1705 1698 1736 δὲ

983 1748 1099 1785 μαλλον
1112 1746 1214 1788 νομίζω
1228 1747 1408 1778 πεποιῆσθαι
1423 1747 1457 1777 τὸ
1469 1746 1555 1788 ὄνομα
1569 1748 1628 1778 ἄπο
1649 1760 1700 1779 του

985 1800 1091 1830 ρητορος
1105 1790 1163 1820 ἀπὸ
1185 1793 1241 1820 τῶν
1255 1790 1357 1827 ἑώλων,
1374 1803 1394 1820 α
1413 1789 1492 1821 ἐστιν
1515 1791 1637 1833 ἀρχαῖα·
1654 1791 1699 1823 ὅτι

985 1832 1153 1872 πράγματα
1176 1834 1289 1874 ἀρχαια
1312 1835 1493 1875 συγκεράσας
1512 1845 1660 1890 κατηγορει
1686 1837 1699 1866 ὅ

985 1874 1131 1917 Αἰσχίνης.
1150 1877 1207 1917 [ex
1225 1877 1498 1918 Harpocratione]
1516 1877 1629 1909 BAv.
1630 1877 1694 1909 Ὀτι

985 1919 1154 1959 πράγματα
1183 1920 1295 1962 ἀρχαῖα
1321 1920 1499 1961 συγκερασοις
1522 1932 1535 1950 ο
1537 1921 1700 1975 Αἰσχίνης

982 1964 1134 2003 κατηγορεῖ
1146 1964 1244 1994 αὐτου.
1257 1963 1291 1993 τὸ
1302 1965 1357 2004 γαρ
1368 1962 1449 1994 ἕωλον
1459 1963 1576 2005 ἀρχαῖον
1586 1964 1696 2003 σημαί-

983 2016 1029 2035 νε.ι
1049 2007 1214 2038 LEsstG.
1229 2007 1278 2047 (p.
1289 2008 1341 2037 96.
1351 2019 1379 2036 c.
1397 2008 1428 2037 2.
1438 2008 1510 2048 36.)
1526 2008 1698 2048 κεκραμένου

984 2066 1024 2071 -
1036 2049 1197 2090 (-4Ο.)”
1184 2060 1294 2090 εμειναν
1306 2068 1349 2073 —
1359 2049 1497 2091 (—41.)
1511 2052 1697 2086 ‘reug-om.—

980 2091 1040 2131 (-
1055 2095 1110 2123 42.
1114 2093 1128 2133 )
1142 2092 1310 2132 μεθυσῧεις
1332 2091 1499 2124 ἐκαθεύδησε
1514 2094 1564 2124 και
1576 2111 1620 2117 --
1635 2093 1696 2135 (—

982 2134 1082 2175 46.)
1076 2135 1183 2177 ι’σχυσε
1208 2135 1276 2178 πρὸς
1301 2135 1335 2167 τὸ
1360 2148 1519 2177 μιμησ.-
1544 2137 1604 2177 (ι-
1623 2140 1676 2169 48.

981 2177 1059 2209 εἶπεν
1073 2179 1109 2213 ὡς
1119 2179 1168 2210 ἐπι
1182 2180 1297 2220 —(—
1309 2182 1362 2211 49.
1366 2179 1408 2223 )‘
1396 2193 1408 2210 ο
1421 2190 1482 2210 om.
1490 2198 1534 2203 —
1548 2181 1608 2224 (—
1623 2137 1697 2222 50.)

981 2221 1180 2261 κατηγόρησεν.
1201 2225 1292 2254 Auc-

1023 2267 1132 2296 —13.
1147 2264 1390 2305 κατασκεδάσας]
1405 2265 1457 2307 (p.
1467 2269 1519 2299 96.
1535 2278 1563 2297 c.
1576 2268 1607 2298 2.
1623 2265 1696 2308 51.)

981 2306 1114 2346 Ἐνέμεινε
1126 2321 1162 2350 τῃ
1177 2321 1209 2338 τ.
1224 2321 1255 2340 τ.
1268 2309 1335 2339 ἓωλ.
1358 2308 1468 2339 ΙΠΕΜ.

1024 2352 1062 2382 Ρ.
1087 2354 1140 2382 58.
1164 2353 1219 2382 ult.
1249 2350 1413 2392 μίσθωτος]
1442 2351 1619 2392 Σημείωσαι,
1647 2350 1692 2382 ὅτι

980 2394 1055 2433 φασι
1084 2394 1132 2425 τόν
1157 2394 1335 2435 Δημοσθένην
1361 2393 1508 2435 μίσθωτος
1530 2396 1692 2434 ἀναγνῶναι·

979 2439 1036 2467 τῶν
1064 2436 1092 2468 δὲ
1118 2438 1258 2469 δικαστῶν
1286 2436 1442 2479 μισθωτὸς
1468 2437 1613 2474 εἰπόντων,
1643 2437 1694 2468 ἐπὶ

979 2479 1116 2520 διορθώσει
1132 2481 1214 2512 δῆθεν
1236 2484 1286 2513 τοῦ
1308 2481 1404 2520 λόγου,
1419 2480 1515 2517 εὐθὺς,
1533 2480 1693 2521 δράξασθαι

977 2523 1024 2553 τὸν
1041 2524 1226 2563 Δημοσθένην
1239 2527 1292 2560 τῆς
1302 2524 1409 2555 τούτων
1423 2525 1520 2564 φωνῆς,
1534 2524 1584 2554 καὶ
1598 2522 1691 2564 φησίν·

978 2567 1001 2596 εἰ
1024 2567 1141 2603 ἀκουέις,
1158 2568 1177 2597 ἃ
1193 2567 1339 2607 λέγουσιν;
1362 2569 1448 2598 ΒΑν.
1479 2566 1528 2609 (p.
1547 2569 1598 2598 96.
1617 2578 1645 2598 c.
1661 2571 1692 2599 2.

977 2609 1053 2650 ult.)
1075 2610 1285 2650 διορθώσασθαι
1312 2610 1404 2647 αὐτὸν,
1420 2627 1464 2633 -
1484 2610 1532 2652 (p.
1550 2612 1603 2642 97.
1618 2622 1646 2641 c·
1664 2615 1694 2641 1.

977 2652 1038 2693 6.),
1066 2653 1257 2693 ἐρωτήσαντος
1285 2655 1372 2684 αὐτου
1397 2654 1493 2690 τοῦτο,
1515 2672 1558 2677 -—-
1579 2653 1692 2697 (—8.)

975 2697 1067 2727 αὐτῶν
1081 2715 1125 2720 —-
1139 2698 1198 2737 (——
1213 2701 1263 2728 10.
1267 2696 1308 2738 )’
1297 2708 1362 2727 εστι
1379 2707 1440 2726 om.
1456 2697 1550 2728 Auo.

1019 2741 1056 2770 P.
1074 2742 1171 2773 59.1.
1194 2741 1337 2793 Βούλομαι
1360 2738 1506 2782 τοίνυν--]
1524 2740 1575 2782 (p.
1594 2742 1647 2771 97.
1662 2751 1691 2770 o.

976 2787 1005 2813 1.
1031 2783 1113 2825 28),
1136 2783 1230 2815 ἕνθα’
1219 2784 1310 2820 εστὶν,
1333 2801 1378 2807 ——
1399 2783 1459 2823 (--
1479 2784 1552 2825 30.)
1573 2794 1607 2814 τε
1629 2794 1691 2814 om.

975 2828 1060 2858 BAv.

1015 2889 1056 2893 —-
1085 2869 1162 2900 ibid.
1184 2871 1295 2911 γραφῆς
1320 2870 1427 2912 αὐτῆς]
1451 2868 1501 2912 (p.
1529 2871 1582 2901 97.
1603 2880 1632 2900 c.
1656 2873 1687 2900 1.

970 2912 1042 2953 32.)
1057 2913 1147 2944 Auc-

1013 2957 1049 2986 P.
1082 2959 1133 2987 60.
1164 2956 1219 2986 ult.
1255 2954 1281 2986 ἐν
1309 2955 1413 2997 Πνυκὶ]
1447 2955 1559 2996 ’Ὁνομα
1586 2954 1688 2986 τόπου.

970 3005 1113 3030 ΑΛΛΩΣ.
1150 2999 1225 3039 Πνὺξ
1261 2998 1410 3030 ἐκκλησία.
1444 3001 1525 3041 παρὰ
1551 3000 1600 3029 τὴν
1632 3000 1687 3028 τῶν

968 3042 1057 3073 λίθων
1069 3041 1244 3078 πυκνότητα,
1260 3042 1274 3074 ἢ
1291 3042 1350 3073 ἀπὸ
1366 3044 1416 3073 τοῦ
1434 3041 1606 3074 πυκνοῦσθαι
1623 3043 1688 3074 τοὺς
