1963 3372
394 516 956 572 ΟὙΛΠΙΑΝΟὙ
1032 517 1443 569 ΡΗΤΟΡΟΣ

698 648 1135 687 ΠΡΟΛΕΓΟΜΕΝΑ

316 763 457 807 ΕΙΣ
523 758 762 805 ΤΟΥΣ
829 760 1521 805 ΔΗΜΟΣΘΕΝΟὙΣ

438 879 859 920 ΟΛΥΝΘΙΑΚΟΥΣ
892 879 990 918 ΚΑΙ
1025 880 1413 919 ΦΙΛΙΠΠΙΚΟΥΣ

760 986 802 1027 Λ
814 983 907 1028 ΟΓ
919 984 963 1028 O
976 985 1017 1028 ’Υ
1030 984 1088 1029 Σ.

224 1171 409 1199 ΠΛΕΥΣΤΗΝ
436 1166 558 1197 δοκοῦσιν
581 1164 739 1205 ὁμοιότητα
763 1164 862 1205 σώζειν
883 1166 905 1195 οἱ

185 1210 361 1242 Φιλιπωιιιοῖ
386 1209 463 1249 λόγοι
479 1207 543 1251 πρὸς
562 1220 618 1242 τας
636 1205 799 1238 Θουκυδίδου
814 1208 905 1248 δημη-

183 1253 287 1295 γορίας.
309 1254 339 1284 οὔ
354 1254 408 1294 γίιρ
421 1252 500 1293 μόνον
519 1253 559 1281 τὰ
575 1252 724 1291 κεφάλαια
745 1251 794 1280 ἴδοι
814 1262 859 1285 τις
875 1250 907 1280 ἂν

182 1296 210 1327 ἔν
223 1308 284 1330 τοις
297 1295 389 1334 λόγοις
404 1295 513 1328 τούτοις
529 1291 791 1333 συμπεπλεγμένα
810 1293 906 1332 ὥςπερ

182 1337 210 1369 ἔν
223 1337 346 1374 ἐκείναις,
361 1337 409 1367 καὶ
428 1339 484 1371 τὰς
502 1335 666 1370 ἀντιθέσεις
687 1335 760 1365 οὕτω
775 1345 906 1376 μετακε-

180 1380 378 1423 χειρισμένας·
394 1381 476 1410 ἀλλὰ
491 1379 541 1410 και
557 1381 657 1410 πολλα
679 1380 734 1408 τῶν
758 1378 908 1417 νοημάτων

182 1422 467 1476 παραπεφρασμένα.
489 1420 597 1453 αὐτίκα
613 1423 669 1451 τῶν
683 1419 907 1452 Ὀλυνθιακῶν“
895 1433 907 1450 ο

181 1469 304 1508 πρῶτος,
327 1478 356 1496 ου
375 1465 442 1506 πρὸς
461 1464 542 1505 μίαν,
559 1466 639 1494 ἀλλὰ
653 1463 704 1494 καὶ
721 1462 833 1497 πλείους
847 1462 907 1504 ἔχει

183 1509 231 1540 τόν
255 1509 302 1562 Z*
289 1515 344 1540 λον
367 1508 434 1540 ἔστι
456 1507 480 1537 θ’
501 1507 560 1543 οτε,
585 1508 640 1548 οὐχ
659 1506 706 1536 ἕνα
728 1505 808 1546 μόνον
828 1506 909 1544 λόγον

183 1552 251 1594 πρὸς
263 1550 335 1593 μίαν
344 1551 408 1583 δ’λην
420 1551 533 1604 προάγει
544 1547 725 1590 δημηγορίαν,
740 1551 821 1579 ἄλλα
838 1551 845 1569 ¹
858 1550 908 1580 καὶ

182 1595 244 1626 ἔλον
255 1595 410 1634 κεφάλαιον
421 1593 496 1647 πρὸς
507 1592 568 1624 δ’λον
582 1593 744 1632 κεφάλαιον,
756 1592 806 1622 καὶ
817 1600 909 1633 κεφα-

183 1637 266 1670 λαίου
289 1637 318 1668 δὲ
343 1636 429 1678 μέρος
445 1635 512 1677 πρὸς
536 1635 631 1676 μέρος.
655 1636 798 1670 πολλάκις
815 1635 844 1666 δὲ
860 1636 910 1666 καὶ

183 1681 259 1721 πρὸς
267 1680 340 1722 μέρη
357 1679 487 1712 πλειόνων
503 1679 686 1720 δημηγοριῶν,
699 1681 856 1719 κεφάλαιον
871 1677 908 1709 ἓν.

182 1723 218 1754 τό
235 1735 270 1756 τε
287 1724 428 1764 σύντομον
443 1724 498 1753 τῶν
513 1722 612 1762 λόγων,
627 1721 718 1763 δ’μοιον
733 1720 838 1753 οὐδὲν
824 1721 909 1776 nvrrriv

183 1765 260 1798 ἔστι·
288 1766 338 1798 καὶ
364 1765 398 1797 τό
421 1767 572 1805 ιἰναγκαῒον
596 1765 624 1797 δὲ
652 1766 803 1804 πλεῖστον,
826 1777 909 1807 ῳωερ

239 1845 252 1865 ¹
267 1842 319 1874 καὶ
333 1842 487 1885 κεφάλαιον
498 1841 574 1872 Ald.
589 1840 638 1872 καὶ
655 1838 818 1881 κεφαλαίων
835 1842 915 1872 Ben.

224 1923 446 1950 οΥΛΠιΑΝον
467 1917 653 1958 ΡιιτοΡοΣ]
679 1917 760 1954 Quis
783 1917 833 1948 hio
853 1918 908 1949 Ul-

181 1961 293 2004 pianus
308 1961 415 1998 fuerit,
430 1961 506 1992 mihi
523 1971 583 1991 uon
597 1965 731 1991 constat.
770 1962 824 1992 Fit
840 1963 909 2000 qui·

183 2006 255 2036 dem
279 2006 318 2037 ab
344 2015 382 2035 eo
408 2005 524 2035 mentio
550 2003 767 2034 diminutionis
797 2006 910 2044 capitis

183 2048 309 2086 mediae,
321 2047 464 2079 maximae
479 2053 510 2078 et
521 2047 669 2083 minimae,
681 2057 751 2087 quae
760 2049 908 2087 jurecon-

183 2092 336 2122 sultorum
359 2096 441 2127 sunt,
464 2100 564 2129 neque
588 2090 753 2129 quicquam
769 2095 854 2121 vetat
869 2092 909 2122 de

183 2134 308 2164 rhetore
320 2133 568 2171 jureconsultum
580 2131 646 2162 fieri
660 2143 667 2162 :
693 2133 750 2163 sed
766 2138 909 2173 propter-

185 2187 224 2207 ea
237 2187 299 2206 non
311 2175 482 2205 affirmarim
497 2175 579 2205 hunc
589 2175 677 2204 illum
688 2185 759 2205 esse
767 2177 909 2215 Tyrium,

185 2219 370 2250 scriniorum
383 2217 556 2248 Alexandri
567 2215 761 2256 magistrum,
775 2219 908 2250 tumultu

184 2262 312 2298 militari
332 2262 362 2292 iu
378 2260 491 2290 Galliis
507 2260 716 2291 interfectum.
757 2261 834 2291 Tres
850 2263 909 2292 Ul-

183 2305 294 2346 pianus
309 2303 460 2335 describit
472 2302 597 2340 Suidas‚
614 2303 670 2333 sed
687 2309 909 2335 commentato-

183 2349 229 2380 ris
252 2346 490 2379 Demosthenici
518 2356 579 2376 non
609 2346 759 2377 meminit.
804 2349 908 2387 Quare

183 2392 288 2423 hocin
303 2390 408 2421 medio
419 2389 640 2429 relinquamus.
679 2390 807 2430 Aliquot
823 2392 910 2423 annis

184 2439 259 2477 post
273 2436 340 2465 baec
356 2433 486 2474 scripta,
512 2432 589 2463 editi
608 2438 679 2463 sunt
696 2432 839 2464 Εὐναωίου
855 2435 910 2470 filos

185 2480 350 2520 commem:
364 2477 395 2508 in
408 2477 521 2517 quibus
532 2481 565 2507 et
573 2475 673 2507 nostri
681 2477 772 2516 hujus
782 2478 910 2517 Ulpiani

185 2522 303 2554 mentio
318 2522 363 2557 fit,
379 2521 427 2551 his
444 2520 568 2551 verbis:
592 2519 605 2549 ὅ
619 2519 808 2562 Προαιρέσεος,
830 2533 911 2561 γεγο-

185 2566 236 2600 νιος
257 2563 357 2596 ἄνωθεν
371 2564 480 2601 καλως,
497 2565 547 2596 τήν
567 2561 666 2594 ἔνδειαν
681 2566 738 2594 τῶν
751 2566 913 2606 χρημάτων

185 2607 300 2650 ἤτυχει·
324 2608 373 2638 καὶ
386 2606 460 2661 πρὸς
481 2606 528 2637 τόν
550 2605 721 2644 Οὐλπιανὸν,
751 2619 912 2649 κρατουντα

185 2664 238 2687 της
250 2649 428 2694 Ἀντιοχείας
441 2649 491 2681 ἐπι
506 2649 609 2689 λόγοις,
620 2649 728 2689 ὢι-Θεις,
738 2663 787 2681 και
804 2659 912 2694 παρελ-

189 2695 261 2732 θην,
275 2694 381 2730 εὖθὺς’
366 2697 420 2725 ανιὶ
430 2705 497 2730 τους
511 2694 641 2736 πρώτους
655 2693 696 2725 ἦν.
741 2695 796 2726 Fit
812 2697 865 2726 et
857 2697 914 2728 mi-

188 2739 235 2769 tio
263 2738 408 2769 Athenaei
421 2737 538 2768 mentio
570 2738 721 2775 rhetoris,
751 2740 913 2778 enjusdam

187 2780 277 2821 Tyrii
291 2780 434 2820 Ulpiani,
451 2781 505 2820 qui
525 2791 581 2821 per
593 2782 711 2820 jocum,
729 2782 768 2812 ob
784 2783 914 2815 curiosi·

189 2828 284 2854 tatem
297 2825 473 2860 verborum,
483 2823 531 2854 καὶ
542 2824 684 2860 τούκειτος
694 2825 796 2856 dictus
807 2827 913 2865 fuerit,

192 2876 284 2906 quem
300 2868 338 2898 ab
356 2867 416 2897 hoc
438 2871 546 2898 nostro
569 2867 731 2899 diversum
754 2879 823 2900 esse
847 2872 913 2902 exi-

193 2909 296 2940 stimo.
317 2910 446 2942 Wom'.

235 2954 282 2983 Τὰ
296 2953 458 3006 κεφάλαια]
474 2953 626 2993 Κεφάλαια
639 2954 700 2985 tria
715 2959 798 2992 sunt,
815 2955 916 2986 Exor-

194 2995 340 3033 nationis,
354 2996 389 3026 τὸ
403 2996 500 3033 καλὸν,
512 2996 681 3028 honestum.-
694 2999 867 3036 Suasionis,
883 3011 918 3030 το

193 3038 351 3082 συμφέρον,
375 3041 450 3072 utile
469 3041 536 3074 sive
557 3041 707 3082 dignitas:
731 3042 860 3080 Judioii,
883 3042 918 3074 τὸ

940 1161 1039 1197 ἐκεῖνος
1062 1164 1196 1205 χρῆσθαι
1219 1165 1310 1202 φιλεῖ.
1332 1163 1398 1194 ἔστι
1421 1164 1443 1193 δ’
1468 1163 1514 1194 δ’τε
1538 1165 1585 1194 καῖ
1610 1167 1664 1199 τὰς

941 1205 1108 1241 ὑποθέσεις,
1120 1207 1175 1247 οὐχ
1191 1206 1260 1247 ὑπὲρ
1276 1210 1332 1237 τῶν
1347 1208 1523 1247 προσώπων,
1539 1207 1576 1241 οἷς
1591 1208 1664 1238 συνί-

940 1248 1072 1279 στασθαι
1086 1249 1235 1284 βούλεται,
1251 1253 1370 1289 φανερῶς
1385 1250 1549 1280 ἐνδείκνυται
1566 1252 1665 1281 woma-

939 1302 1033 1330 μενος,
1052 1290 1123 1320 ἀλλ’
1144 1289 1212 1331 ὑπὲρ
1227 1292 1320 1322 αὐτῶν
1333 1295 1388 1321 τῶν
1411 1294 1553 1332 ἀκροατῶν
1569 1294 1665 1335 ὥςπερ

941 1334 953 1363 6
970 1333 1146 1368 Θουκυδίδης
1168 1335 1312 1374 τοιγάρτοι
1334 1334 1383 1364 καὶ
1407 1335 1419 1364 6
1443 1335 1564 1370 Λέσβιος
1584 1337 1632 1365 καὶ
1654 1338 1666 1366 6

941 1378 1117 1417 Κερκυραῖος,
1129 1377 1141 1406 6
1150 1376 1205 1416 μὲν
1217 1377 1284 1417 πρὸς
1292 1376 1454 1412 Ἀθηναίους
1465 1379 1666 1420 καταφεύγων,

942 1420 989 1449 διὰ
1007 1420 1200 1473 συμμαχίαν,
1214 1421 1225 1449 6
1241 1419 1268 1450 δὲ
1283 1422 1480 1461 ἀφιστάμενος
1495 1422 1562 1462 πρές
1576 1429 1669 1453 Λακε-

942 1462 1108 1502 δαιμονίους,
1125 1464 1180 1504 οὐχ
1195 1463 1249 1494 ὑπέ
1239 1477 1266 1504 ρ
1280 1464 1387 1495 ἑαυτῶν
1402 1477 1535 1495 τοσουτον
1558 1466 1584 1495 δο
1574 1478 1667 1496 κοοσι

942 1507 1094 1537 ποιεισὲαι
1121 1506 1211 1558 λογον,
1231 1506 1290 1539 ὅσον
1313 1507 1383 1548 ὑπὲρ
1405 1520 1439 1538 το
1441 1521 1455 1537 υ
1475 1508 1668 1548 συμφέροντος

942 1551 998 1580 τῶν
1023 1549 1213 1602 ἀκροωμένων.
1245 1550 1293 1580 και
1320 1551 1331 1580 6
1358 1551 1545 1592 Δημοσθένης
1569 1552 1597 1582 δὲ
1621 1551 1668 1582 τόν

943 1595 1052 1633 πρῶτον
1082 1596 1138 1623 τῶν
1167 1591 1351 1623 Ὀλυνθιακῶν
1384 1595 1668 1636 μεταχειριζόμενος,

943 1636 999 1677 οὐχ
1009 1637 1045 1670 ὡς
1053 1635 1124 1677 υπὲρ
1134 1635 1280 1667 Ὀλυνθίων
1292 1637 1459 1678 σπουδάζων
1469 1648 1668 1678 προσποιειται

943 1678 1043 1717 λέγειν,
1069 1679 1139 1709 ἀλλ’
1163 1679 1231 1720 ὑπὲρ
1254 1681 1348 1711 αυτῶν
1374 1683 1430 1711 τῶν
1454 1693 1597 1721 ακροατων
1619 1682 1667 1711 καὶ

943 1723 993 1752 τοῦ
1010 1722 1204 1764 συμφέροντος
1217 1725 1273 1753 τῶν
1287 1722 1446 1755 Ἀθηναίων.
1461 1736 1510 1754 και
1527 1727 1576 1755 τὴν
1590 1727 1669 1765 2με-

943 1765 1111 1807 ταχείρησιν
1129 1765 1262 1806 φαίνεται
1282 1766 1294 1796 6
1310 1766 1492 1807 Δημοσθένης
1506 1767 1538 1798 ἐκ
1554 1770 1608 1798 τῶν
1623 1767 1668 1798 δύο

1150 1844 1164 1864 ²
1176 1841 1377 1885 μεταχείρισιν
1392 1845 1469 1875 Ben.
1485 1846 1613 1886 passim.

943 1918 1045 1950 δίκαιον
1060 1918 1074 1951 ἢ
1087 1919 1218 1959 νόμιμον,
1233 1920 1357 1951 Justum
1368 1922 1427 1952 sive
1442 1922 1619 1962 legitimum.
1634 1922 1668 1952 τό

944 1962 1058 1992 δυνατὸν
1074 1963 1123 1992 καὶ
1139 1963 1285 2000 ἀδύνατον,
1301 1964 1335 1994 τὸ
1348 1964 1435 2005 ῥᾴδιον
1444 1965 1492 1994 καῖ
1505 1966 1668 2003 ἀναγκαῖον,

944 2005 977 2035 τὸ
998 2005 1139 2046 χαλεωόν
1159 2005 1208 2037 καὶ
1236 2008 1381 2047 περιττὸν,
1405 2009 1580 2038 communia
1598 2014 1669 2039 sunt

944 2050 1080 2078 omnium
1092 2060 1252 2089 generum,
1266 2055 1296 2079 et
1306 2050 1416 2090 partim
1428 2052 1466 2080 ad
1477 2052 1668 2087 facultatem,

942 2093 1056 2131 partim
1075 2093 1113 2121 ad
1139 2093 1305 2123 utilitatem
1328 2094 1520 2125 referuntur:
1545 2099 1578 2125 et
1600 2106 1668 2134 quae

943 2135 1132 2166 Aristoteles
1147 2136 1249 2171 addit,
1266 2136 1361 2175 μέγα,
1376 2137 1485 2178 μικρὸν,
1504 2139 1543 2168 ad
1560 2139 1668 2178 ampli-

942 2178 1118 2206 ficationem
1152 2179 1320 2217 pertinent.
1357 2180 1470 2219 ἀγαθὸν
1505 2182 1544 2211 ad
1582 2182 1668 2213 utile.

943 2220 1067 2249 Horum
1091 2219 1171 2250 inter
1195 2232 1229 2252 se
1251 2224 1511 2262 comparationes,
1535 2230 1566 2255 et
1588 2225 1667 2265 ipsae

944 2267 1017 2293 suut
1033 2264 1296 2303 exaggerationis.
1319 2267 1428 2297 IDEM.

987 2308 1271 2349 Συμπεωλεγμένα]
1296 2309 1418 2346 Utrum,
1438 2314 1472 2340 ut
1494 2312 1668 2347 honestum,

942 2350 1071 2388 justum,
1095 2350 1184 2386 utile,
1209 2353 1455 2392 conjungantur?
1479 2365 1516 2384 an
1534 2365 1618 2390 vero,
1636 2360 1670 2385 ut

943 2392 1051 2423 ordine
1075 2397 1107 2423 et
1127 2395 1221 2425 modo
1245 2397 1435 2427 tractentur?
1473 2399 1510 2428 In
1528 2399 1608 2428 hac
1601 2409 1669 2437 ipsa

943 2436 1122 2476 praefatione
1138 2438 1229 2474 dicit,
1244 2437 1289 2469 δ’τι
1303 2442 1398 2480 μικτη
1411 2442 1467 2470 τῶν
1479 2439 1640 2493 κεφαλαίων
1652 2454 1667 2472 η

944 2479 1039 2520 φύσις.
1063 2480 1153 2510 Unde
1169 2481 1267 2512 mihi
1258 2492 1289 2512 in
1305 2488 1436 2516 mentem
1453 2485 1548 2521 venit,
1563 2484 1606 2514 ὅτι
1623 2498 1667 2523 μη

944 2523 1007 2553 λίαν
1019 2524 1205 2565 ἄνατομικόν,
1226 2525 1377 2563 τουτέστι,
1401 2528 1577 2565 λεπτολόγον
1599 2527 1669 2558 εἰναι

945 2566 990 2597 δεῖ
1013 2567 1059 2597 τὸν
1087 2566 1234 2607 ἐξηγητην.
1266 2573 1298 2599 et
1327 2570 1459 2600 iterum:
1487 2570 1669 2625 συμπλέκων

945 2612 1109 2664 Δωἰινϊοιχοῖι
1124 2623 1166 2642 τα
1180 2613 1340 2652 κεφάλαια,
1357 2619 1417 2644 etc.
1435 2616 1492 2649 τὰς
1505 2626 1559 2654 γαρ
1573 2615 1668 2648 ama:

945 2652 1042 2689 ἐννοίας
1056 2666 1104 2684 και
1121 2656 1171 2686 τοῦ
1193 2655 1389 2696 συμφέροντος
1410 2669 1458 2688 και
1479 2670 1529 2688 του
1550 2658 1668 2688 &wa-”rou

946 2697 1034 2739 εἴπῃς
1049 2709 1081 2728 αν
1097 2697 1176 2729 εἶναι.
1199 2700 1305 2730 IDEM.

989 2744 1051 2776 Τὰς
1073 2740 1252 2784 ἀντιθέσεις]
1279 2743 1455 2781 Objectiones
1474 2744 1542 2774 sive
1560 2745 1669 2783 opposi-

947 2785 1038 2816 tiones
1066 2785 1205 2826 (utamur
1237 2787 1319 2817 enim
1345 2787 1478 2816 docendi
1505 2798 1598 2817 causa
1621 2788 1669 2818 his

948 2829 1088 2865 vocibus,
1105 2839 1141 2859 ea
1155 2840 1223 2869 quae
1242 2834 1349 2860 contra
1368 2840 1423 2860 nos
1440 2830 1595 2866 dicuntur,
1616 2835 1669 2861 aut

948 2872 1056 2902 saltem
1073 2873 1248 2912 cogitantur
1263 2875 1301 2903 ab
1314 2874 1512 2904 adversariis.
1558 2875 1670 2914 Neque

949 2915 1032 2946 enim
1050 2915 1101 2945 hic
1120 2917 1331 2948 contentiones
1348 2918 1583 2954 contrariorum,
1599 2929 1668 2956 quae

949 2959 1159 2999 contraposita
1185 2961 1280 3002 vulgo
1309 2960 1427 2997 dicunt,
1457 2961 1668 3002 intelligenda!

951 3008 1031 3034 sunt.
1057 3004 1162 3034 IDEM.
