1898 3356
257 213 342 255 312

257 318 368 361 τέχνας
378 319 426 350 καῖ
435 321 489 354 τὰς
503 323 688 356 κατασκευὰς
699 321 749 351 τοῦ
757 321 910 360 κατηγόρου
921 320 969 349 καὶ

255 364 305 392 τῆν
320 362 470 403 ὡμότητα.
493 364 652 394 LEsslNc.
691 362 969 404 Ἀντιπαρατίθησιν,

256 404 332 440 ὅπως
348 407 484 444 ἀφελεῖτο
506 407 591 436 αὐτοῦ
615 406 669 447 [F.
686 408 791 447 ὠφελεῖ
810 408 851 436 τοὶ
871 408 969 443 αὑτου,

258 449 403 489 Reisk.]‚
415 452 455 480 τὰ
467 449 495 480 δὲ
508 449 640 491 Αἰσχίνου
653 453 713 485 πῶς
726 451 867 484 βλάπτει.
880 451 968 481 AUG.

299 509 343 514 --
365 496 395 524 9.
424 495 479 523 τῶν
503 494 711 534 παρακλήτων]
737 496 798 523 Τῶν
818 492 851 522 ἐκ
874 497 968 533 παρα-

257 534 397 571 κλήσεως,
420 535 449 565 οὗ
473 536 518 566 διὰ
541 536 573 566 τὸ
596 536 706 572 δίκαιον,
728 535 968 576 παραγενομένων.

259 578 343 607 ΒΛν.
387 578 422 608 ‘H
437 578 529 610 εὐθεῖα
543 581 593 610 τοῦ
608 578 728 613 πλήθους
751 580 772 609 οῖ
789 581 968 618 παράκλητοι

257 620 316 650 ἀπὸ
327 622 378 650 τοῦ
394 622 406 651 5
421 623 616 662 παράκλητος.
639 623 716 661 λέγει
736 622 764 653 δὲ
780 634 844 656 τους
859 621 890 651 ἐκ
902 634 967 653 πνοι-

255 664 419 702 ρακλήσεως
433 664 565 700 ἐλθόντας
579 668 775 706 συνηγορῆσαι,
790 664 860 696 ἀλλ’
874 679 903 696 ου
918 678 968 696 του

258 705 391 738 δικαίου“
377 719 472 739 ενεκεν.
497 709 588 740 Auo.

299 767 343 773 —-
365 762 435 790 pen.
460 752 565 794 κυρίας]
593 751 705 792 Ὀνομα
731 750 896 788 ἐκκλησίας,
920 751 968 782 ὅτε

254 792 435 835 ἀπεψήφιζον
447 808 498 830 της
512 797 601 837 ἀρχῆς
612 798 676 829 τοὺς
688 795 860 829 ἀδικουντας.
877 797 968 825 ΒΑν.

300 838 335 866 P.
353 840 427 868 207.
446 842 475 868 1.
490 850 555 872 τους
569 838 625 879 μὲν
639 851 680 868 ουν
694 838 814 879 ἄλλους]
838 838 969 879 Δεύτερον

255 878 427 920 προοίμιον’
418 892 449 910 εκ
469 882 601 916 διαβολης
622 882 669 911 καῖ
691 880 772 911 αὐτό.
796 883 903 912 IDEM.
948 881 969 915 Β

254 922 404 975 προοίμιον.
432 935 497 958 τους
521 925 576 964 μὲν
601 925 706 958 ἄλλους
728 923 898 964 εἰλημμένον
920 925 967 954 καὶ

255 965 325 994 αὐτὸ
342 966 475 1000 διαβολης
498 968 548 997 τοῦ
569 966 707 1008 Αἰσχίνου
729 966 761 996 ἐκ
783 966 970 1008 ’παραθέσεως

256 1007 356 1048 ἐτέρων
370 1010 543 1049 προσώπων.
567 1010 659 1041 Auo.

297 1070 341 1074 —
357 1054 387 1082 2.
404 1054 453 1083 τὴν
468 1051 623 1093 ἀειλογίαν]
639 1054 679 1082 Τὸ
700 1051 744 1082 ἀεὶ
764 1051 843 1090 λόγον
862 1051 971 1084 ἐθέλειν

255 1096 310 1124 τῶν
323 1095 526 1135 πραττομένων
541 1096 652 1136 διδόναι,
665 1096 711 1126 διὰ
725 1095 758 1125 τὸ
772 1095 860 1136 μηδὲν
875 1096 972 1131 αὐτοῖς

254 1139 310 1167 τῶν
324 1138 440 1177 φαύλων
454 1138 613 1170 συνειδέναι.
637 1141 725 1169 ΒΑν.
772 1139 822 1180 (p.
841 1142 914 1170 117.
940 1151 968 1170 c.

279 1185 357 1212 .‘>8.
362 1182 377 1220 )
394 1181 591 1223 προτείνεσθαι
608 1201 651 1206 —
666 1184 733 1223 (——
750 1185 803 1213 29
809 1183 822 1221 )
838 1183 884 1213 δια
899 1201 911 1207 -
928 1200 940 1206 -
956 1200 970 1207 -

253 1223 404 1255 συνειδέναι
431 1236 493 1256 om.
516 1244 560 1250 —2
581 1226 648 1269 (—
664 1225 736 1267 30)
760 1225 782 1255 οῖ
809 1225 970 1261 συνειδότες.

251 1267 344 1298 Auo.

295 1329 339 1334 —
351 1314 382 1342 4.
406 1311 467 1353 πρὶν
487 1324 542 1353 γαρ
556 1311 714 1353 εἰσελθεῖν]
733 1314 905 1344 Κατασκευη
920 1314 969 1343 και

252 1355 423 1394 συμπλοκή.
446 1357 552 1386 IDEM.

295 1415 339 1420 —
354 1400 385 1429 5-
405 1397 531 1440 ἀνῄρηκε]
557 1397 635 1429 Ἀντὶ
657 1410 706 1428 του
734 1398 838 1437 α’τιμον
857 1397 968 1430 ἐποίησε

251 1439 299 1470 τόν
320 1439 481 1482 Τίμαρχον.
507 1442 527 1475 Β
553 1453 608 1481 γαρ
633 1441 779 1481 κατήγοροι
803 1441 970 1473 ἐπέστησαν

254 1483 402 1525 Αἰσχίνου,
428 1485 443 1515 δ’
463 1497 497 1516 τε
523 1484 710 1525 Δημοσθένης
733 1496 780 1514 και
807 1484 968 1539 Τίμαρχος.

253 1526 302 1556 καὶ
318 1526 365 1557 τὸν
379 1527 434 1567 μὲν
448 1528 598 1569 Τίμαρχον
612 1527 851 1568 παρεγραψατο
837 1541 872 1563 ως
888 1531 967 1560 ἡται-

253 1569 368 1609 ρηκότα·
395 1571 469 1611 ’πρὸς
492 1571 519 1601 δε
544 1572 591 1601 τὸν
612 1571 797 1610 Δημοσθένην
818 1570 968 1611 ἐγράψατο

252 1613 410 1651 ἀπολογίαν
434 1613 506 1656 πτρδς
532 1617 581 1646 τὴν
602 1613 770 1654 κατηγορίαν
796 1617 846 1644 τοῦ
875 1615 967 1653 λόγου.

256 1658 364 1688 IDEM.

296 1717 339 1722 —
355 1702 407 1730 12.
423 1700 457 1730 τὸ
471 1700 525 1740 μὲν
540 1698 580 1730 οὖν
595 1699 749 1739 ἐξελέγξειν
759 1698 856 1741 (sic)]
871 1698 968 1740 Τρίτον

251 1741 401 1783 προοίμιον,
410 1745 633 1782 μεταληπτικοῢ
642 1743 767 1785 περιέχον
777 1742 868 1774 λύσιν.
884 1746 928 1774 ΒΑ
936 1756 967 1774 ν.

251 1786 302 1827 (p.
321 1790 395 1817 117.
411 1798 438 1817 o.
453 1789 484 1816 2.
503 1786 571 1826 15.)
588 1786 711 1816 ἀπὸτοῦ
726 1785 830 1827 χρόνου.
847 1785 912 1817 ἔστι
924 1806 968 1810 —

254 1832 314 1870 (—
330 1830 402 1871 18.)
417 1830 591 1869 ὑπειληφὼς,
608 1830 623 1859 δ’
644 1828 708 1858 ἐστι
729 1829 829 1870 θαρρῶν
854 1829 879 1859 ἐν
900 1832 967 1866 ταῖς

252 1891 296 1895 —-
312 1875 371 1913 (——
384 1873 669 1913 20.)ἀποτρέψομαι
687 1891 726 1895 ——
743 1873 804 1914 (—
815 1873 967 1912 21.)ἐπει-

252 1915 336 1956 δήπερ
353 1935 395 1939 -—
408 1917 466 1958 (—
480 1917 551 1953 25.)
566 1917 614 1946 οὐκ
638 1914 846 1955 ἀποτρέψομαι
872 1917 967 1947 εἰναι-ειν

253 1959 296 1998 τῷ
311 1967 344 1998 φ.
367 1972 397 1990 τ.
423 1970 457 1989 π.
483 1961 572 1999 ὑμᾶς.
599 1971 618 1997 γ
652 1959 676 1989 δ.
700 1970 729 1990 κ.
754 1958 966 2001 ἀποκρύψομαι

253 2003 395 2044 (oaeleris
411 2002 563 2043 omissis).
589 2004 679 2033 Auo.

295 2063 338 2068 —
354 2052 455 2087 antep.
471 2046 649 2087 ὑπειληφὼς]
667 2044 805 2075 Ἀντὶτοῧ
815 2045 967 2077 πιστεύων.

251 2090 339 2120 ΒΑν.

297 2133 336 2162 Ρ.
361 2134 434 2163 208.
462 2134 494 2161 3.
526 2130 722 2173 ἐμπεποιήκῃ]
753 2130 969 2166 ’Ύποτακτικῆς

251 2174 331 2205 ἐστὶν
346 2173 501 2213 ἐγκλίσεως
516 2174 708 2216 παρακειμένη
727 2175 775 2204 καὶ
800 2176 967 2216 ὑπερσυντε-

252 2220 302 2252 λης
316 2217 362 2248 ἐὰν
377 2217 573 2257 ἐμπεποιήκω.
589 2217 636 2247 ἐὰν
651 2217 842 2259 ἐμπεποιήκῃ.
865 2219 905 2249 διὸ
919 2218 968 2248 καὶ

252 2260 443 2291 ὑποτακτικδν
458 2261 517 2303 ἔχει
528 2260 774 2301 προσγραφόμενον
787 2260 821 2291 τὸ
833 2274 850 2291 ι.
877 2263 967 2293 AUG-

297 2323 340 2327 —*
356 2308 386 2335 4.
402 2306 437 2339 ὡς
450 2305 479 2335 δή
494 2317 544 2344 μοι
560 2303 664 2335 δοκοῦς’
679 2304 727 2346 av]
745 2305 793 2344 (p.
812 2307 885 2336 118.
897 2316 924 2335 c.
937 2308 966 2335 1.

253 2347 302 2389 9.)
319 2350 408 2377 Τοῦτο
432 2348 466 2378 τὸ
485 2348 577 2388 νόημα
597 2347 841 2389 ἐπισφραγίζεται
855 2348 912 2388 μὲν
926 2360 967 2378 τα

251 2390 443 2431 προειρημένα,
458 2391 507 2421 καὶ
529 2404 560 2421 τ.
584 2404 623 2431 μ.
646 2402 687 2427 κ.,
711 2391 741 2421 ἅ.
769 2390 797 2421 δὲ
823 2390 848 2421 54.
869 2397 898 2422 λ.
915 2393 968 2426 τῆς

252 2445 498 2473 προκατασκευης.
522 2436 607 2465 ΒΑν.
653 2434 703 2475 (p.
721 2436 797 2464 118.
820 2445 848 2464 c.
865 2439 898 2465 1.
915 2437 946 2466 3.
951 2434 966 2476 )

252 2476 470 2517 Συμω-έρασμά
484 2476 550 2508 ἐστι
566 2477 599 2507 τὸ
609 2477 757 2519 προοίμιον.
771 2478 808 2511 ὡς
821 2479 875 2518 γὰρ
891 2479 967 2514 ὡμο

252 2519 408 2560 λογημένην
422 2538 435 2543 -
452 2539 465 2543 -
480 2538 492 2544 -
510 2521 568 2551 από
585 2533 648 2558 του,
674 2521 696 2551 εἰ
722 2519 877 2559 σκέψασθε
899 2520 968 2562 παρ’

254 2563 335 2603 ὑμῖν.
357 2563 450 2595 Aue.

293 2625 337 2630 —
351 2608 381 2636 8.
397 2607 504 2647 πρῶτον
517 2605 572 2646 μὲν
585 2605 709 2648 τοίνυν]“
713 2613 736 2637 Η
752 2608 968 2646 προκατασκευῆ

253 2652 336 2690 μετα
356 2649 390 2679 τό
411 2649 559 2689 ἰι-προοίμιον
573 2649 658 2684 ευθυς
672 2649 723 2691 πρὸ
741 2652 793 2684 τ’ἦς
791 2650 968 2704 Jamynumc.

253 2693 314 2740 περι
330 2694 386 2722 τῶν
399 2690 562 2731 κεφαλαίων
578 2704 629 2727 της
639 2703 830 2728 κατασκευης.
850 2704 880 2723 οι.
898 2693 968 2732 ’.περὶ

250 2740 290 2766 ὠν
304 2735 475 2774 ἀπήγγειλε.
498 2736 529 2769 Β.
550 2735 611 2776 περὶ
634 2734 673 2766 ὠν
687 2735 794 2767 ἔπεισε.
810 2749 839 2775 γ.
856 2736 918 2790 περὶ
933 2740 969 2766 ὠν

251 2779 454 2818 προσετάξατε
465 2778 555 2818 αὐτῷ.
571 2779 595 2808 δ.
612 2779 674 2818 περι
685 2790 796 2820 χρονων
807 2790 828 2809 ε.
843 2781 905 2819 περι
918 2792 968 2809 του

252 2822 492 2863 ἀδωροδοκήτως,
480 2835 494 2853 η
508 2824 553 2854 διὰ
565 2823 663 2852 ταῦτα
672 2822 860 2864 πεπρὲἰχὲται.
878 2824 964 2853 ΒΑν.

295 2884 338 2889 —
355 2869 407 2897 10.
424 2865 471 2906 ἐφ’
487 2865 590 2896 ἅπασι
606 2865 634 2896 δὲ
658 2865 767 2899 τούτοις
791 2866 813 2896 εἰ
836 2866 967 2906 ἀδωροδο-

252 2908 360 2950 κήτως]
380 2909 427 2949 (p.
448 2911 520 2940 119.
547 2920 575 2938 c.
593 2911 621 2938 1.
639 2910 725 2948 pen.)
738 2908 818 2939 ἄλλα
842 2919 902 2938 om.
924 2928 967 2933 —

252 2952 313 2992 (—-
329 2963 358 2983 o.
384 2955 415 2982 2.
441 2951 492 2991 1.)
517 2951 587 2982 ἐπνεῖ
602 2969 645 2975 —-
665 2952 726 2993 (—-
749 2951 797 2992 5.)
817 2951 910 2982 ἕπιθον
924 2971 968 2977 —

253 2997 313 3036 (—
329 2994 379 3036 6.)
395 2995 496 3026 ἀληθῆ·
510 2995 557 3025 τὸν
571 2995 672 3036 χρόνον.
695 2994 790 3026 AUG.

295 3056 337 3062 —
353 3044 455 3079 antep.
479 3037 511 3070 ἵν’
526 3038 632 3080 εἰδῆτε]
660 3037 699 3067 T5
719 3037 860 3078 πέμπτον
879 3037 905 3068 ἐν
927 3050 964 3079 τῃ

860 212 1124 256 SCHOLIA

1002 330 1221 362 προκατασκευη
1244 321 1397 362 κεφάλαιον
1421 321 1582 361 τεθειμένον
1607 324 1713 364 πρωτον

1002 363 1186 404 διαπεραίνει,
1203 365 1259 400 τὰς
1281 367 1338 395 τῶν
1351 363 1551 407 ἐπιχειρήσεων
1565 367 1714 408 προσαγων

1003 406 1146 445 δυνάμεις.
1169 409 1253 438 BAv.

1046 450 1084 480 P.
1098 453 1173 482 210.
1186 454 1216 481 1.
1231 463 1296 481 εστι
1308 449 1623 490 τοινυνουτοςοπρωτος
1633 449 1714 483 Ἀθη·

1001 490 1094 533 ναίων]
1118 494 1166 533 (p.
1192 497 1261 525 120.
1286 504 1312 523 c.
1331 497 1360 524 1.
1379 493 1451 534 39.)
1467 494 1501 524 ‘H
1514 495 1714 528 κατάστασιν

1002 535 1069 566 ’ἐστι
1085 535 1113 566 δὲ
1129 537 1251 576 διμερῆς,
1265 537 1315 566 καὶ
1330 535 1364 566 τὸ
1378 536 1433 576 μὲν
1446 539 1553 578 πρῶτον
1564 537 1648 578 μέρος
1663 538 1715 567 αὖ·

1002 579 1053 612 τῆς
1077 580 1246 621 περιεκτικόν
1268 579 1335 610 ἐστι
1358 582 1411 614 τῆς
1435 579 1604 620 δωροδοκίας,
1626 579 1661 610 τό
1685 580 1714 611 δὲ

1002 621 1121 663 δεύτερον
1136 622 1304 663 περιεκτικὸν
1318 624 1368 653 τοῦ
1386 625 1466 654 κατὰ.
1481 622 1595 658 Φωκέας
1611 622 1715 662 ἐγκλή-

1000 676 1109 705 ματος.
1132 667 1173 696 In
1180 677 1239 697 EM
1255 686 1258 689 -
1285 665 1456 706 Σημείωσαι·
1472 666 1516 696 δ’τι
1528 665 1561 696 τὸ
1575 665 1716 706 πέμπτον

1001 708 1087 748 μέρος
1101 708 1127 738 ἐν
1141 722 1176 739 τη
1200 709 1421 751 προκατασκευξῖ
1436 708 1591 749 τεθειμένον
1606 712 1715 749 πρῶτον

1003 750 1134 791 περαίνει,
1206 756 1262 784 τῶν
1326 753 1412 783 ήσεων
1427 753 1555 792 προάγων
1570 753 1712 794 δυνάμεις.

1004 795 1171 826 LEssmc.

1046 856 1087 860 —
1104 842 1134 870 9.
1149 837 1182 877 ἐξ
1196 837 1357 878 Ἀρκαδίας]
1375 835 1466 874 Οἷιτος
1481 837 1511 868 ’ἦν
1526 837 1552 868 ἐν
1566 837 1713 879 Ἀρκαδία,

1002 879 1062 914 ’ν’τις
1079 880 1152 911 οὕτω
1172 883 1291 919 Μεγάλη
1309 882 1392 916 πόλις
1407 881 1549 919 ἐκαλεῖτο,
1565 881 1621 912 ὅθεν
1635 882 1714 921 ὑπὲρ

1002 927 1245 961 Μεγαλοπολιτῶν
1258 924 1438 964 Δημοσθένης
1451 934 1508 966 φει.
1534 927 1641 955 IDEM.

1046 985 1089 989 —
1105 967 1181 997 ibid.
1195 969 1314 1009 καλους]
1331 968 1380 1009 (p.
1399 972 1472 998 1⁴21.
1485 980 1513 999 c.
1530 973 1558 998 1.
1574 972 1625 1000 22.
1629 968 1714 1010 )οὐκ

1001 1008 1082 1039 ἔστιν
1097 1011 1132 1044 ὡς
1147 1009 1173 1040 ἐν
1187 1010 1314 1051 εἰρωνεία.
1338 1013 1426 1042 AUG-

1048 1053 1086 1082 P.
1101 1056 1175 1084 211.
1200 1058 1230 1085 8.
1255 1065 1311 1095 ουχ
1331 1055 1366 1087 ὡς
1393 1053 1462 1093 τῶν]
1489 1052 1716 1092 Ἐγκατασκευος

1003 1095 1142 1134 διηγησις,
1166 1097 1200 1130 ὡς
1222 1098 1290 1132 ταῖς
1305 1096 1412 1130 αἰτίαις
1431 1097 1715 1137 κατασκευαζομένη·

1003 1137 1097 1168 διότι’
1087 1139 1152 1169 εστι
1167 1139 1308 1179 σύντομος
1322 1140 1370 1170 και
1387 1140 1532 1171 πολιτική.
1558 1142 1644 1171 ΒΑν.

1046 1201 1089 1205 —
1105 1185 1156 1212 10.
1171 1183 1216 1212 δια
1231 1185 1285 1223 γὰρ
1301 1185 1365 1218 τοὺς
1381 1182 1586 1223 προειρημένους
1600 1182 1712 1224 λογους]

1004 1226 1161 1267 Συγγνώμη
1177 1228 1229 1260 τῆς
1242 1226 1410 1268 χειροτονίας
1424 1225 1569 1268 Αἰσχίνου.
1592 1228 1701 1256 IDEM.

1047 1270 1084 1298 P.
1099 1272 1172 1300 212.
1188 1272 1218 1300 4«.
1232 1270 1300 1311 δεῖν]
1317 1269 1367 1311 (p.
1383 1273 1456 1300 121.
1473 1281 1501 1300 ο.
1518 1273 1548 1300 2.
1563 1269 1633 1311 29.)
1650 1271 1716 1300 ἀνα·

1003 1311 1125 1349 γκαίους.
1151 1314 1239 1344 AUG·

1046 1373 1087 1377 -—
1103 1357 1135 1387 5.
1151 1355 1297 1397 μετρίους]
1317 1355 1395 1386 Ἀντὶ
1416 1357 1466 1386 τοῦ
1487 1355 1716 1397 φιλανθρώπους.

1002 1398 1112 1429 IDEM.

1045 1459 1086 1464 ——
1105 1443 1156 1471 12.
1172 1441 1309 1481 συνηγόρει
1324 1441 1428 1482 ἐκείνω]
1448 1441 1524 1471 Καθ’
1543 1440 1641 1482 ἐτέρας
1655 1441 1716 1471 διοι-

1002 1481 1072 1519 νοίας
1087 1483 1216 1524 ἐξεταζει
1231 1484 1389 1525 κατηγόρου
1406 1497 1446 1514 τα
1460 1484 1591 1525 ῥήματα.
1613 1486 1702 1515 ΒΑν.

1044 1545 1086 1550 —-
1102 1530 1154 1559 13.
1171 1529 1207 1563 ὡς
1227 1528 1291 1558 ου’τε
1314 1531 1371 1558 τῶν
1392 1527 1525 1568 προγόνων
1548 1528 1641 1568 ὑμας]
1666 1528 1716 1570 (p.

1003 1573 1077 1600 121.
1091 1582 1119 1600 ο.
1137 1574 1167 1602 2.
1183 1573 1255 1612 39.)
1275 1571 1380 1602 Ἰστέον
1396 1569 1439 1600 δ’τι
1451 1570 1627 1611 σοφίζεται’
1618 1582 1717 1601 ενταυ-

1001 1612 1065 1642 θαε
1053 1627 1065 1643 ο
1081 1614 1177 1655 ρήτωρ.
1195 1615 1207 1644 5
1218 1614 1274 1654 μὲν
1288 1627 1342 1656 γαρ
1358 1612 1505 1654 Αἰσχίνης.
1529 1613 1621 1645 Ano.

1043 1675 1087 1679 ——
1103 1660 1155 1687 17.
1178 1659 1224 1687 και
1242 1670 1341 1688 ταυτα
1364 1658 1376 1688 5
1400 1657 1558 1699 σχέτλιος]
1583 1656 1718 1697 Εὗκαίρως

1001 1698 1164 1739 ἐπιφύεται
1190 1701 1260 1730 κατ’
1286 1702 1374 1731 αὐτοῦ
1402 1702 1486 1740 μετα
1509 1703 1559 1732 τὴν
1588 1700 1714 1730 δείνωσιν.

1002 1743 1089 1773 BAv.

1043 1804 1086 1808 ——
1102 1796 1172 1825 pen.
1196 1785 1266 1816 αλλ’
1291 1786 1385 1818 ἐπειδὴ
1410 1786 1498 1817 πάλιν
1520 1785 1638 1826 ηκομεν]
1667 1786 1717 1828 (p,

1002 1831 1075 1859 122.
1093 1840 1119 1859 c.
1144 1833 1173 1860 1.
1192 1828 1243 1869 7.)
1261 1832 1310 1861 τὴν
1325 1841 1385 1860 om.
1400 1847 1442 1852 ——-
1459 1829 1520 1870 (-—
1537 1828 1586 1869 8.)
1604 1830 1638 1859 τὸ
1661 1831 1716 1870 γαρ

1001 1873 1119 1912 ἀναστρ.
1142 1873 1231 1903 AUG.

1045 1916 1083 1945 P.
1099 1917 1175 1946 213.
1188 1918 1219 1946 3.
1232 1927 1280 1945 και
1297 1914 1555 1955 προσδοκηθέντων]
1574 1915 1623 1954 (p.
1639 1918 1715 1946 122.

1002 1959 1158 1998 ο.1.13.)
1180 1957 1255 1989 Ύπό
1270 1970 1325 1989 των
1329 1958 1414 2013 κε’περὶ
1417 1957 1623 1999 Ἀριστόδημον
1638 1955 1716 1996 λέγει

1001 2012 1049 2031 και
1064 2001 1272 2042 Νεοπτολέμον
1289 2001 1338 2032 καὶ
1354 2013 1385 2033 τ.
1401 2000 1425 2032 ἕ.
1439 2012 1472 2032 τ.
1489 2007 1526 2031 Θ.
1541 2007 1570 2032 λ.
1592 2001 1705 2035 IDEM·

1045 2063 1089 2068 --·
1103 2047 1136 2077 5.
1152 2043 1344 2087 ωροσῃειμεν]
1367 2045 1420 2088 (Ρ.
1444 2046 1520 2076 122.
1538 2055 1567 2074 c.
1591 2047 1622 2075 1.
1645 2044 1716 2087 16.)

1002 2088 1111 2118 IDEM.
1667 2095 1669 2097 ’

1045 2149 1088 2156 -—
1104 2135 1134 2162 8.
1148 2130 1333 2172 κατηγόρησα
1347 2129 1469 2172 τούτων]
1482 2129 1532 2172 (p.
1550 2132 1625 2161 122.
1641 2141 1668 2162 o.
1686 2133 1716 2161 1.

1003 2174 1073 2216 22.)
1092 2176 1200 2205 IDEM.

1044 2236 1088 2241 —
1104 2220 1156 2248 17.
1172 2217 1265 2249 ἐπειδὴ
1287 2216 1318 2250 δὲ
1340 2215 1429 2248 §aab
1450 2214 1606 2256 ἐκκλησία]
1625 2215 1717 2247 ’Ἔνθα

1001 2258 1177 2291 αποδείκνυσι
1199 2272 1251 2294 της
1273 2270 1510 2300 προκατασκευης
1532 2258 1565 2289 τὸ
1589 2270 1716 2300 ωρωτον,

1001 2303 1121 2352 δεύτερον
1145 2303 1310 2344 κεφάλαιον,
1336 2302 1455 2343 δεύτερον
1478 2301 1582 2337 τιθείς·
1612 2303 1641 2332 οὗ
1662 2305 1717 2343 γαρ

1001 2357 1037 2377 τη
1053 2345 1161 2386 ‘riget'
1151 2347 1297 2399 εχρησατο
1306 2358 1358 2380 της
1373 2345 1560 2384 ἐπαγγελίας,
1572 2347 1622 2376 την
1634 2345 1718 2384 τάξιν

1001 2389 1132 2431 συγχέας
1147 2393 1201 2419 τῶν
1214 2388 1375 2429 κεφαλαίων
1390 2401 1442 2423 της
1463 2399 1716 2429 ωροκατασκευης,

1001 2433 1066 2474 οὐχ,
1093 2445 1128 2467 ως
1157 2432 1361 2471 ἐπηγγείλατο,
1386 2431 1609 2472 κατασκευαζει,
1636 2433 1716 2462 ἀλλα

1001 2477 1052 2511 τῆς
1065 2475 1242 2514 ἐπαγγελίας
1263 2476 1298 2506 τὸ
1311 2474 1451 2516 πέμπτον
1465 2473 1567 2505 τίθησι
1589 2476 1716 2514 πρῶτον,

1002 2519 1035 2549 τὸ
1051 2519 1080 2550 δὲ
1101 2520 1223 2560 δεύτερον
1236 2517 1338 2550 τίθησι
1338 2517 1485 2570 ἢδεύτερον·
1506 2517 1718 2558 κατασκευάζει

1002 2561 1030 2593 δὲ
1044 2561 1126 2601 μόνον
1141 2562 1175 2592 τὸ
1190 2561 1310 2603 δεύτερον
1325 2572 1378 2592 νυν.
1402 2561 1491 2591 BAV.

1046 2607 1084 2636 P.
1102 2608 1176 2637 214.
1192 2607 1224 2636 5.
1247 2617 1295 2636 και
1309 2604 1370 2644 περι
1392 2606 1448 2634 των
1463 2601 1489 2634 ἐν
1504 2600 1716 2643 Ἀμφικτυόσι]

1003 2649 1054 2691 (p
1069 2652 1143 2681 122.
1164 2660 1191 2679 c.
1211 2652 1240 2679 1.
1255 2653 1356 2688 antep.
1361 2647 1376 2688 )
1393 2644 1522 2680 Θηβαίων
1536 2657 1584 2676 και
1601 2645 1717 2677 Φωκέων

1001 2699 1112 2731 πολεμ.
1134 2693 1224 2723 AUG-

1045 2736 1172 2767 P--215
1189 2738 1219 2766 2.
1233 2732 1482 2784 ἐπικεκηρυχέναι]
1492 2730 1542 2773 (p.
1556 2734 1629 2762 122.
1645 2742 1672 2761 c.
1683 2734 1715 2763 2.

1002 2781 1052 2809 27.
1059 2779 1073 2813 )
1097 2793 1111 2811 η
1141 2789 1201 2808 om.
1225 2797 1269 2803 —-
1293 2777 1354 2819 (-
1377 2779 1448 2816 28.)
1473 2775 1605 2809 ἐβούλετο
1632 2774 1717 2805 αὗτόν

1001 2823 1116 2859 ανελειν,
1141 2821 1274 2861 ἐκήρυττε
1297 2821 1441 2862 χρήματα
1464 2817 1533 2849 κατ’
1557 2817 1646 2848 αὖτου
1672 2830 1714 2847 τω

1001 2864 1173 2919 Βουλομενωέ
1197 2863 1304 2894 IDEM.

1043 2910 1132 2940 —5.
1147 2921 1168 2938 ω
1154 2906 1277 2961 ἄνδρες
1292 2905 1440 2947 πρέσβεις]
1468 2904 1518 2947 (p.
1536 2906 1607 2935 122.
1633 2914 1661 2933 c.
1683 2907 1714 2934 2.

1001 2954 1053 2983 33.
1057 2951 1100 2992 )‘
1086 2957 1127 2985 ως·
1137 2949 1194 2981 ἀπὸ
1209 2961 1263 2980 των
1277 2969 1317 2973 --
1335 2950 1396 2991 (——
1418 2952 1469 2980 40.
1472 2948 1488 2991 )
1506 2948 1616 2978 ἀποστ.
1608 2968 1631 2983 .,
1648 2945 1716 2977 οἵω-ὂ

1000 2997 1063 3025 τῶν.
1087 2994 1196 3026 IDEM.

1044 3039 1079 3068 P.
1097 3040 1171 3068 216.
1186 3041 1216 3068 2.
1233 3037 1316 3076 ὑμεῖς
1330 3034 1354 3065 δ’
1369 3033 1508 3075 ἐγελᾶτε]
1519 3031 1713 3064 Καθάπτεται
