1914 3372
1027 104 1054 118 Ι

471 210 555 251 AD
587 206 928 251 VARIANTES
964 204 1317 246 LECTIONES.
1551 203 1632 243 357

174 316 496 368 Aristogitonem,
517 322 616 354 orat.
635 315 767 354 AEsch.
789 314 838 352 de
859 313 956 351 male
980 312 1086 350 obita
1108 311 1301 361 legatione
1323 315 1360 348 et
1387 309 1435 346 de
1456 308 1624 346 Corona.

175 377 221 415 In
237 378 296 415 his
310 378 487 416 omnibus
505 385 593 416 sunt
607 376 876 415 annotationes
891 375 1033 425 aliquae
1051 373 1292 423 marginales,
1313 385 1476 422 quarum
1496 376 1629 408 aucto-

174 451 255 477 rem
274 439 421 490 ignoro.
465 441 561 478 Post
579 440 771 477 orationes
793 437 995 476 nonnullas
1018 435 1242 474 scribuntur
1260 447 1392 471 versus
1413 447 1459 471 ex
1479 431 1625 476 Iliade;

177 500 244 551 qui
264 501 394 539 nescio
414 515 483 539 cur
502 501 579 539 illic
597 506 818 539 occurrant.

228 574 255 611 p
278 566 339 600 12.
360 567 478 601 2043.
509 562 607 600 Cod.
629 562 753 600 chart.
776 574 866 600 saec.
888 560 999 598 XVI.
1025 558 1091 609 qui
1116 559 1215 596 inter
1234 562 1377 594 caetera
1399 555 1530 601 habet,
1552 561 1629 592 tres

118 631 121 633 “
175 622 451 662 Demosthenis
472 624 726 676 Olynthiacas
752 636 839 661 cum
868 621 1166 672 hypothesibus,
1186 616 1460 656 Demosthenis
1488 616 1629 654 oratio-

174 697 264 721 nem
291 685 340 723 de
361 686 516 724 Corona
545 699 633 723 cum
662 684 883 736 hypothesi,
914 682 1092 732 ejusdem
1119 680 1314 719 orationes
1340 678 1521 716 adversus
1550 678 1628 714 Mi-

174 744 280 783 diam
299 752 339 784 et
356 746 640 784 Aristocratem
664 758 751 783 cum
773 743 1066 795 hypothesibus,
1087 741 1300 780 orationem
1319 739 1520 777 funebrem
1543 751 1630 788 quae

175 808 276 845 inter
303 820 423 858 opera
445 807 717 845 Demosthenis
746 807 953 857 reperitur.
1011 806 1056 843 In
1086 805 1144 843 his
1171 804 1352 843 omnibus
1378 808 1467 841 sunt
1487 802 1629 852 aliquae

175 869 443 907 annotationes
464 869 513 907 ad
535 869 762 919 marginem.
929 908 932 910 ,

228 943 254 980 p
278 934 338 968 13.
358 934 477 970 2508.
509 931 611 970 Cod.
632 931 759 970 chart.
781 936 840 969 sat
860 931 974 969 bonae
994 934 1099 967 notae
1119 941 1211 967 saec.
1233 929 1321 967 XV.
1344 927 1411 978 qui
1440 926 1539 964 inter
1557 926 1632 963 alia

175 992 296 1030 multa
325 994 516 1041 continet,
539 993 657 1031 vitam
681 992 973 1037 Demosthenis,
1003 991 1166 1029 eandem
1194 1004 1283 1041 quae
1306 996 1365 1027 est
1393 988 1564 1027 secunda
1593 988 1631 1025 in

175 1054 264 1092 cod.
278 1058 412 1101 2935„
428 1069 561 1094 omnes
575 1056 692 1093 Dem.
707 1061 805 1093 orat.
819 1054 1006 1093 adversus
1021 1053 1244 1104 Philippum
1258 1052 1430 1102 aliasque
1448 1050 1632 1101 politicas

175 1116 396 1163 conciones,
412 1131 500 1155 cum
517 1118 691 1156 oratione
711 1116 885 1167 ejusdem
907 1116 956 1153 de
977 1116 1145 1154 Corona.
1202 1114 1274 1151 His
1295 1113 1473 1151 omnibus
1494 1112 1634 1151 oratio-

175 1178 289 1216 nibus
302 1178 474 1229 praefixae
492 1184 581 1217 sunt
594 1179 846 1230 hypotheses,
862 1178 1004 1228 aliquae
1021 1177 1167 1214 habent
1182 1175 1330 1213 scholia
1346 1175 1393 1212 ad
1411 1175 1631 1225 marginem,

177 1251 343 1289 quorum
365 1245 502 1277 auctor
521 1240 613 1277 mihi
634 1240 788 1290 ignotus
807 1245 879 1286 est,
907 1251 1069 1289 quorum
1099 1245 1226 1275 tamen
1249 1237 1434 1275 nonnulla
1460 1236 1552 1274 mihi
1578 1236 1632 1273 vi-

177 1302 318 1339 dentur
337 1315 385 1339 ex
405 1302 575 1352 Ulpiano
596 1303 713 1340 fuisse
734 1307 933 1352 excerpta.

230 1376 257 1414 p
290 1368 353 1401 14.
379 1367 498 1402 2844.
533 1364 633 1402 Cod.
662 1377 916 1414 papyraceuS‚
950 1375 1052 1401 anno
1082 1365 1188 1400 1498
1217 1361 1398 1412 scriptus,
1429 1374 1508 1411 quo
1538 1360 1636 1398 inter

177 1432 320 1463 caetera
338 1426 601 1471 continentur,
623 1424 710 1463 finis
728 1425 913 1462 orationis
934 1430 1069 1462 contra
1092 1423 1389 1470 Androtionem,
1417 1429 1499 1461 tota
1521 1423 1633 1460 Dem.

177 1494 274 1526 orat.
294 1487 342 1525 de
363 1487 532 1533 Corona,
554 1487 703 1525 initium
725 1487 917 1524 duntaxat
935 1485 1111 1535 ejusdem
1131 1486 1316 1524 orationis
1337 1485 1385 1523 de
1408 1485 1504 1523 male
1526 1485 1634 1522 obita

177 1549 385 1600 legatione,
405 1556 503 1587 orat.
519 1549 690 1587 funebris
710 1562 798 1599 quae
821 1549 920 1586 inter
941 1547 1117 1597 ejusdem
1138 1560 1254 1598 opera
1270 1547 1473 1598 reperitur.

234 1625 260 1662 p
291 1616 354 1650 15.
389 1615 507 1649 2936.
542 1611 643 1648 Cod.
675 1611 818 1648 memb.
853 1623 944 1648 saec.
972 1610 1087 1647 XIII.
1121 1609 1290 1660 scriptus
1325 1610 1535 1659 eleganter,
1571 1609 1638 1659 qui

178 1672 297 1711 habet
317 1673 432 1711 vitam
451 1672 740 1718 Demosthenis,
762 1672 923 1710 eandem
946 1685 1034 1723 quae
1057 1678 1115 1709 est
1136 1671 1307 1709 secunda
1327 1672 1365 1708 in
1386 1671 1475 1709 cod.
1503 1675 1636 1719 2935„

176 1734 353 1785 ejusdem
373 1735 488 1773 Dem.
509 1735 588 1772 vita
607 1748 655 1773 ex
671 1735 848 1777 Libanio‚
865 1735 955 1772 dein
972 1734 1100 1772 omnia
1116 1733 1200 1782 ejus
1216 1733 1379 1771 oratoris
1397 1746 1485 1783 quae
1502 1746 1636 1784 super-

178 1803 268 1835 sunt
297 1803 440 1848 praeter
468 1797 667 1848 epistolas.
727 1797 896 1835 Exordia
929 1797 1161 1835 concionum
1195 1796 1385 1847 incipiunt
1417 1809 1438 1833 a
1467 1796 1635 1834 decimo.

179 1858 389 1897 Orationes
402 1858 547 1896 habent
562 1858 708 1896 scholia
727 1858 775 1896 ad
794 1858 1016 1908 marginem,
1035 1870 1200 1908 quorum
1217 1865 1355 1895 auctor
1369 1857 1464 1895 mihi
1479 1857 1634 1907 ignotus

177 1926 250 1958 est.
281 1921 389 1958 Duas
405 1920 546 1970 primas
563 1920 820 1969 Olynthiacas
841 1920 1151 1958 concomitantur
1167 1919 1314 1957 scholia
1328 1919 1501 1970 Ulpiani.
1531 1920 1639 1957 Non-

150 1992 154 1995 ·
179 1982 291 2020 nullis
312 1981 552 2020 orationibus
572 1981 744 2031 praefixae
765 1987 851 2019 sunt
871 1981 1121 2033 hypotheses.
1154 1981 1231 2019 Hic
1250 1981 1338 2019 cod.
1361 1981 1499 2018 multas
1522 1981 1638 2018 habet

180 2044 372 2081 variantes
397 2056 621 2081 communes
647 2056 737 2095 cum
766 2043 856 2082 cod.
883 2056 998 2094 quem
1028 2042 1209 2081 Reiskius
1232 2050 1345 2081 vocat
1368 2045 1636 2093 Augustanum

179 2105 362 2156 primum.

234 2180 261 2218 p
285 2171 348 2205 16.
369 2169 487 2206 2994.
516 2165 616 2204 Cod.
643 2167 781 2205 memb.
807 2179 901 2204 saec.
926 2166 1022 2203 XII.
1045 2165 1112 2216 qui
1134 2166 1324 2211 continet,
1346 2165 1464 2203 vitam
1493 2166 1637 2203 Demo-

180 2228 327 2267 sthenis
345 2241 392 2266 ex
413 2228 590 2276 Libanio‚
611 2242 745 2267 omnes
768 2228 881 2267 Dem.
902 2241 959 2266 or.
980 2228 1170 2278 politicas,
1185 2234 1268 2266 tum
1285 2228 1395 2265 adven
1410 2242 1468 2266 >us
1490 2228 1638 2279 Philip-

181 2304 288 2342 pum,
313 2297 394 2329 tum
421 2290 526 2337 alias,
556 2304 611 2328 or.
634 2290 808 2340 ejusdem
839 2290 887 2328 de
908 2290 1076 2336 Corona,
1103 2290 1153 2328 de
1176 2291 1274 2328 male
1294 2289 1402 2327 obita
1430 2291 1636 2341 legatione,

181 2353 364 2391 adversus
401 2352 619 2403 Leptinem,
660 2353 839 2398 Midiam‚
880 2352 1180 2400 Androtionem,
1227 2352 1404 2402 ejusdem
1443 2353 1639 2404 epistolas.

182 2414 438 2454 Orationibus
459 2414 630 2465 praefixae
651 2423 740 2453 sunt
758 2415 1009 2466 hypotheses.

236 2489 264 2527 p
286 2480 349 2516 17.
378 2479 496 2516 1773.
527 2476 664 2514 Codex
686 2477 930 2523 chartaceus,
951 2476 1096 2514 saeculo
1118 2477 1205 2514 XV.
1234 2476 1414 2527 scriptuS,
1438 2490 1514 2528 quo
1542 2478 1641 2514 inter

184 2537 258 2576 alia
279 2538 400 2576 multa
419 2537 667 2576 continentur
693 2544 769 2575 tres
789 2538 1054 2590 Olynthiacae,
1078 2546 1116 2577 et
1136 2551 1225 2589 pars
1246 2538 1374 2589 aliqua
1396 2539 1529 2589 primae
1550 2539 1640 2576 Phi-

187 2599 355 2650 lippicae.

240 2673 267 2710 p
285 2664 349 2699 18.
370 2665 488 2700 2489.
519 2661 620 2699 Cod.
652 2661 774 2699 chart.
797 2674 888 2700 saec.
915 2661 1024 2700 XVI.
1047 2675 1126 2712 quo
1147 2662 1245 2700 inter
1269 2662 1390 2700 multa
1415 2661 1487 2699 alia
1516 2662 1640 2699 conti-

187 2730 328 2762 nentur
351 2724 624 2762 Demosthenis
654 2725 842 2774 epistolae,
870 2738 1030 2775 quarum
1063 2725 1185 2763 tertiae
1214 2724 1329 2763 datur
1357 2724 1545 2762 duntaxat
1570 2724 1640 2761 iui-

188 2786 296 2831 tium,
319 2792 457 2835 quarta
476 2786 586 2824 initio
606 2793 727 2824 caret.

243 2863 269 2899 p
294 2853 360 2887 19.
385 2843 502 2888 22596.
533 2850 632 2888 eod.
652 2850 774 2888 chart.
797 2855 919 2895 vetus,
948 2850 1114 2900 scriptus
1136 2857 1193 2887 sat
1215 2850 1424 2900 eleganter,
1452 2848 1518 2899 qui
1543 2849 1642 2886 inter

190 2911 298 2961 plura
318 2911 393 2948 alia
412 2910 528 2948 habet
549 2912 708 2962 primam
731 2912 1006 2950 Demosthenis
1028 2911 1315 2963 Olynthiacam.

245 2985 271 3023 p
290 2976 353 3012 20.
373 2976 490 3012 2939.
521 2973 620 3011 cod,
643 2975 765 3012 chart.
798 2974 901 3011 haud
925 2975 1122 3024 antiquus,
1148 2974 1314 3024 scriptus
1344 2985 1455 3009 manu
1489 2971 1642 3010 Nicolai
