1914 3372
462 201 542 241 AD
577 199 921 242 VARIANTES
956 201 1306 243 LECTIONES.
1528 203 1610 244 359

158 320 253 357 quas
273 306 501 358 praecedunt
520 307 756 357 hypotheses
772 314 809 345 et
826 308 1140 346 concomitantur
1159 309 1317 360 Ulpiani
1341 309 1504 356 scholia,
1525 323 1614 361 pars

156 369 283 419 aliqua
303 369 352 406 ab
381 368 489 406 initio
510 368 742 419 Philippicae
777 376 927 420 quartae
948 384 1035 409 cum
1056 370 1217 409 scholiis
1239 370 1413 422 Ulpiani,
1434 372 1611 423 praefatio

158 430 314 481 Ulpiani
335 429 383 467 ad
405 429 674 480 Olynthiacas.

431 558 670 596 CODICES
702 558 1045 597 COISLINIANI
1077 560 1334 599 PARISINI.

206 665 227 690 c
247 658 283 692 1.
310 656 401 692 323.
433 653 534 691 Cod.
563 654 746 705 bombyc.
770 666 862 691 saec.
893 653 1008 693 XIV.
1039 655 1106 705 qui
1126 655 1226 694 inter
1251 656 1325 694 alia
1345 656 1466 695 multa
1497 657 1612 696 habet

152 719 230 751 tres
251 714 510 766 Olynthiacas
529 721 568 753 et
589 715 850 766 Philippicam
870 714 1049 766 primam.

207 789 228 813 c
248 780 286 813 2.
307 779 400 814 324.
424 775 525 814 Cod.
546 776 732 827 bombyc.
757 789 850 814 saec.
869 777 958 814 XV.
987 790 1034 815 ex
1054 790 1170 816 manu
1192 778 1352 817 Ioannis
1374 780 1470 818 Rosi
1491 793 1615 819 sacer-

151 835 269 883 dotis,
301 849 380 887 quo
407 837 506 875 inter
531 837 607 876 alia
632 838 828 888 leguntur,
848 838 928 876 vita
947 838 1226 878 Demosthenis
1248 853 1295 878 ex
1330 841 1512 888 Libanio,
1534 849 1612 880 tres

152 898 399 949 Olynthiacae
432 905 473 936 et
505 898 742 951 Philippicae
781 905 950 950 quatuor
977 913 1066 939 cum
1097 901 1402 953 hypothesibm,
1432 910 1530 942 orat.
1564 904 1613 943 de

149 972 263 1012 pace,
284 960 333 999 de
352 961 565 1008 Haloneso,
581 961 631 1000 de
646 961 911 1006 Chersoneso,
932 960 981 1000 de
999 961 1246 1001 Rhodiorum
1260 963 1454 1012 libertate,
1472 965 1614 1016 quibus

149 1021 266 1061 etiam
295 1021 553 1074 praefiguntur
579 1023 833 1074 hypotheses,
863 1036 921 1062 or.
948 1024 1064 1062 Dem.
1099 1024 1148 1062 de
1179 1025 1337 1064 Corona
1367 1039 1457 1065 cum
1487 1027 1614 1079 hypo-

150 1083 267 1131 thesi,
287 1097 344 1123 or.
364 1084 542 1134 ejusdem
562 1084 613 1123 de
634 1085 732 1123 male
752 1085 863 1124 obita
882 1085 1091 1137 legatione.

203 1158 226 1183 c
262 1149 300 1185 3.
334 1149 426 1186 339.
456 1146 556 1184 Cod.
589 1147 753 1185 membr.
783 1159 877 1185 saec.
909 1147 1029 1186 XIII.
1062 1148 1130 1198 qui
1160 1148 1280 1187 habet
1309 1150 1438 1188 omnia
1469 1151 1615 1190 Demo-

151 1207 301 1247 sthenis
321 1221 411 1260 quae
433 1214 654 1260 supersunt,
675 1214 818 1260 praeter
838 1222 977 1249 causas
997 1210 1174 1249 forenses
1197 1211 1381 1261 privatas,
1439 1213 1618 1264 Epistola

149 1269 322 1321 Philippi
338 1269 592 1321 conjungitur
612 1283 702 1310 cum
722 1284 781 1309 or.
802 1271 852 1310 ad
880 1271 1045 1310 eandem
1064 1271 1285 1323 epistolam.
1355 1273 1616 1314 Orationibus

148 1330 408 1383 praefiguntur
431 1332 686 1384 hypotheses,
743 1333 790 1371 In
818 1333 987 1374 exordiis
1006 1334 1243 1374 concionum
1274 1335 1371 1374 nihil
1399 1335 1523 1384 deest,
1547 1337 1616 1376 sed

150 1393 271 1433 multa
288 1399 598 1446 transponuntur
613 1394 754 1433 eodem
771 1395 892 1434 modo
914 1409 993 1447 quo
1014 1397 1053 1434 in
1074 1396 1221 1436 Aldina
1242 1397 1429 1437 editione.

202 1455 270 1506 *ἦ*
298 1456 397 1494 Haec
416 1456 570 1494 Notitia
595 1456 644 1494 de
668 1456 883 1496 Codicibus
900 1457 1185 1499 Parisiensibus
1204 1472 1252 1499 ex
1278 1459 1462 1500 Editione
1492 1462 1614 1501 Atha—

151 1518 251 1557 nasii
270 1519 418 1570 Augeri
434 1525 493 1558 est
513 1519 722 1570 exscripta.

683 1647 921 1685 CODICES
953 1647 1078 1686 ALII.

200 1753 222 1779 a
242 1746 279 1779 1.
300 1744 338 1779 2.
361 1745 399 1779 3.
420 1745 459 1779 4.
480 1746 518 1779 5.
539 1744 575 1780 6.
608 1740 743 1779 Codex
766 1743 1016 1792 Augustanus
1037 1741 1203 1792 primus,
1226 1742 1436 1790 secundus,
1468 1744 1614 1791 tertius,

150 1809 327 1853 quartus,
345 1802 521 1853 quintus,
546 1810 694 1841 sextus.
724 1803 817 1843 Vid.
838 1803 915 1842 vol.
938 1803 962 1840 i.
985 1816 1024 1854 p.
1047 1803 1218 1842 clxxxiV.
1239 1817 1329 1855 sqq.

201 1878 223 1903 a
243 1877 274 1903 S.
303 1864 626 1916 Supplementum
647 1866 865 1916 Augustani
885 1865 1014 1917 primi.

201 1930 239 1968 b.
270 1928 408 1968 Codex
431 1929 656 1968 Bavaricus.
691 1929 784 1968 Vid.
804 1930 879 1968 vol.
900 1930 924 1967 i.
945 1943 985 1981 p.
1008 1930 1109 1968 cxci.

200 1991 239 2029 d.
270 1990 409 2029 Codex
430 1991 710 2030 Baroccianus.
741 1990 833 2029 Vid.
856 1991 935 2030 vol.
957 1991 982 2029 i.
1002 2003 1043 2042 p.
1064 2004 1128 2030 xc.

202 2067 237 2093 e.
268 2053 405 2092 Codex
425 2052 755 2092 vindobonensis.
786 2053 878 2092 Vid.
898 2054 974 2092 vol.
991 2054 1015 2093 i.
1036 2067 1075 2105 p.
1096 2067 1158 2093 xc.

202 2114 230 2151 f.
261 2113 401 2153 Codex
420 2113 826 2155 Wolfenbuttelensis.
858 2115 947 2155 Vid.
966 2116 1043 2157 vol.
1063 2130 1104 2168 p.
1126 2117 1226 2155 xcvi.

200 2189 239 2226 g.
271 2175 410 2214 Codex
428 2176 716 2216 Gonvillianus.

200 2237 237 2275 h.
270 2236 410 2276 Codex
429 2237 683 2277 Harleianus.
717 2238 807 2278 Vid.
826 2240 904 2278 vol.
927 2239 952 2279 i.
972 2252 1013 2291 p.
1034 2240 1111 2280 xci.

201 2298 227 2336 i.
268 2298 428 2338 Reiskio
448 2303 459 2321 ‘
477 2300 693 2352 Appendix
707 2301 1044 2341 Francofurtana.’
1100 2303 1161 2342 De
1182 2316 1258 2355 qua
1280 2304 1332 2342 H.
1348 2304 1512 2345 wolfius
1533 2308 1614 2347 sic:

147 2364 172 2382 “
183 2359 391 2399 Lectiones
404 2360 444 2399 in
461 2360 769 2401 Demosthenem
785 2362 1088 2410 diversae,tume
1101 2364 1253 2405 Codice
1271 2365 1442 2417 quodam
1457 2374 1613 2408 vetusto

147 2421 366 2474 eodemque
385 2422 541 2471 Italico,
562 2428 645 2462 tum
665 2437 714 2462 ex
736 2424 897 2472 Aldino,
920 2425 984 2464 cui
1004 2425 1091 2465 illas
1108 2427 1167 2465 vir
1182 2427 1341 2478 quidam
1362 2429 1612 2470 doctissimus

147 2497 263 2524 manu
276 2485 437 2537 propria
453 2485 758 2537 adscripserat.'’

200 2545 241 2584 k.
270 2545 408 2585 Codex
429 2545 696 2586 LockeranuS.
728 2547 820 2586 Vid.
843 2549 919 2587 vol.
941 2549 967 2588 i.
985 2563 1026 2601 p.
1048 2550 1126 2588 xci.

200 2606 227 2645 l.
267 2607 405 2647 Codex
425 2607 665 2648 Laudianus.
695 2608 786 2648 Vid.
808 2610 884 2649 vol.
905 2610 931 2648 i.
950 2624 992 2662 p.
1012 2611 1089 2650 xci.

200 2680 252 2707 m.
267 2669 404 2709 Codex
426 2669 782 2710 Meermannianus.
813 2671 904 2712 vid.
924 2673 1000 2712 vol.
1022 2673 1049 2711 i.
1068 2686 1108 2724 p.
1129 2675 1243 2713 cxcii.

201 2742 240 2768 n.
270 2729 407 2769 Codex
431 2732 681 2773 Bodleianus.
710 2733 803 2772 Vid.
819 2733 896 2773 vol.
918 2735 943 2773 i.
964 2747 1006 2785 p.
1025 2734 1102 2773 xci.

201 2804 239 2829 o.
268 2791 407 2831 Codex
425 2793 632 2845 Obsopoei.
664 2794 757 2834 Vid.
778 2795 855 2833 vol.
876 2796 902 2834 i.
923 2808 966 2847 p.
985 2796 1128 2835 lxxxix.

204 2865 245 2904 q.
275 2852 414 2892 Codex
432 2854 678 2896 Meadianus.
707 2857 800 2896 Vid.
820 2857 896 2896 vol.
912 2857 939 2897 i.
954 2871 995 2909 p.
1016 2859 1091 2898 xci.

204 2927 235 2953 r.
264 2914 402 2955 Codex
423 2916 733 2969 Rehdigeranus.
762 2918 856 2958 Vid.
876 2920 952 2959 vol.
974 2920 999 2958 i.
1020 2933 1062 2972 p.
1082 2919 1237 2960 clxxxii.

206 2990 237 3015 s.
268 2977 403 3018 Codex
425 2978 691 3021 Hatrisiensis.
721 2980 814 3022 Vid.
831 2981 908 3021 vol.
929 2981 953 3021 i.
975 2995 1014 3034 p.
1035 2982 1113 3022 xci.
