1963 3372
407 547 993 621 HIERONYMI
1067 543 1434 615 WOLFII

892 711 931 735 ΙΝ

220 813 473 857 ULPIANI
515 811 1053 857 DEMOSTHENICOS
1095 807 1603 855 COMMENTARIOS

710 936 1126 980 PRAEFATIO.

389 1153 574 1192 ΠΑΛΑῙ
594 1155 672 1192 πότ’
691 1154 769 1193 ἐστι
788 1156 896 1193 τουτό
914 1169 980 1205 μοι
999 1153 1235 1206 δεδογμένον·

388 1216 489 1260 εὨς
473 1234 492 1255 ο
514 1215 655 1259 δίκαιος
675 1220 754 1259 τοῖς
773 1217 894 1259 πέλας
913 1217 1042 1268 πέφυκ’
1060 1217 1170 1266 α’νὴρ.

391 1277 440 1316 ‘O
461 1278 490 1315 δ’
509 1279 561 1320 εἰς
579 1278 621 1315 τὸ
641 1277 766 1327 κέρδος
785 1279 873 1327 λῆμ’
890 1275 991 1327 ἔχων
1011 1278 1221 1328 α’νειμένον·

389 1339 511 1378 Πόλει
531 1343 561 1378 τ’
581 1337 795 1391 ἄχρηστος
809 1340 870 1375 καὶ
888 1342 1174 1378 συναλλάσσειν
1191 1337 1326 1390 βαρὺς,

391 1402 501 1454 Ain-(23
522 1401 550 1440 δ’
571 1402 790 1452 &meroes-

176 1509 308 1548 Iolaus
337 1509 445 1561 apud
476 1509 708 1561 Euripidem
737 1508 812 1549 ait:
853 1521 932 1547 non
960 1507 1079 1546 modo
1117 1507 1297 1546 Herculis
1327 1505 1492 1546 viventis
1526 1504 1653 1545 fidelis

176 1584 308 1610 comes
329 1585 376 1610 ac
393 1572 525 1611 socius
542 1585 551 1610 :
576 1571 644 1610 sed
666 1577 705 1610 et
720 1571 932 1609 liberorum
952 1570 1056 1608 illius
1071 1583 1199 1621 usque
1214 1570 1265 1609 ad
1280 1576 1496 1609 extremum
1516 1567 1656 1620 capitis

175 1633 386 1672 discrimen
406 1634 590 1673 defensor
616 1633 810 1673 assiduus.
866 1634 953 1684 Ego
976 1645 1081 1681 vem,
1101 1632 1173 1671 etsi
1195 1632 1385 1684 praeclare
1407 1633 1508 1678 scio,
1531 1643 1657 1681 quan-

174 1701 259 1734 tum
279 1709 301 1734 a
320 1696 416 1735 tanti
438 1696 509 1734 viri
531 1696 674 1735 virtute
695 1696 843 1738 absim:
874 1702 1019 1741 tamen,
1041 1693 1115 1732 nisi
1144 1700 1185 1733 et
1211 1694 1296 1746 ipse
1323 1694 1527 1745 publicam
1549 1692 1657 1731 utili-

175 1763 314 1803 tatem,
336 1763 375 1796 et
395 1758 489 1796 boni
514 1771 560 1796 ac
580 1758 755 1797 liberalis
775 1758 846 1797 viri
865 1757 1053 1803 officium,
1078 1757 1243 1808 privatis
1264 1757 1358 1795 meis
1379 1754 1597 1795 commodis
1618 1759 1659 1792 et

174 1819 444 1870 voluptatibus
475 1820 749 1871 praetulissem,
781 1826 862 1859 tum
883 1821 1000 1872 longe
1020 1820 1176 1859 suavius
1195 1819 1323 1858 vivere
1344 1818 1440 1857 mihi
1456 1818 1540 1868 jam
1557 1817 1658 1857 mul-

175 1887 238 1920 tos
259 1895 396 1929 annm,
417 1888 498 1920 tum
520 1896 601 1920 rem
621 1882 849 1922 familiarem
870 1883 951 1922 sine
978 1882 1212 1932 cujusquam
1239 1880 1385 1932 injuria
1414 1879 1657 1932 amplificare

174 1943 375 1986 licuisset:
407 1946 476 1983 κᾶν
505 1944 573 1995 ὀψὲ
604 1952 670 1991 τῆς
699 1947 849 1992 ἡλικίας
878 1946 1197 1997 μεθαρμοσαμένῳ
1225 1946 1293 1989 τὴν
1318 1944 1462 1995 ψυχὴν,
1482 1947 1526 1979 ut
1545 1940 1661 1978 Anti-

174 2007 278 2057 patri
308 2007 511 2045 Lucianici
541 2007 668 2045 verbis
699 2014 797 2046 utar.
855 2008 934 2046 Sed
956 2006 1092 2045 nescio
1112 2004 1314 2057 quomodo
1335 2003 1539 2042 Ciceronis
1558 2002 1658 2040 illud

174 2068 321 2107 insedit
341 2069 469 2107 animo
491 2082 589 2114 meo,
609 2075 650 2107 et
668 2068 837 2107 subinde
858 2074 1049 2107 versatum
1071 2074 1132 2105 est
1147 2068 1200 2104 ob
1219 2067 1381 2107 oculos:
1400 2066 1657 2116 Voluptatem

174 2143 248 2182 pro
267 2131 389 2168 nihilo
410 2130 626 2181 putandam
646 2142 756 2170 esse:
788 2144 877 2179 quae
898 2143 986 2166 cum
1009 2129 1258 2177 praeterierit,
1285 2129 1450 2178 perinde
1476 2128 1539 2174 sit,
1559 2141 1606 2167 ac
1627 2128 1659 2165 si

176 2192 281 2230 nulla
305 2191 459 2230 fuisset.
516 2190 672 2228 Deinde
692 2196 733 2228 et
752 2189 995 2241 Apostolicis
1015 2189 1183 2227 oraculis
1204 2202 1376 2237 moveor,
1395 2190 1452 2228 ὅτι
1471 2190 1587 2241 μηδὲν
1606 2192 1659 2234 εἰς

176 2254 242 2295 τὸν
263 2255 402 2305 κόσμον
427 2251 706 2301 εἱσενέγκαντες
738 2251 853 2304 μηδέν
879 2268 922 2301 γε
950 2251 1155 2303 ἐξοίσομεν.
1185 2249 1337 2302 ἔχοντες
1368 2254 1496 2289 τοίνυν
1526 2252 1661 2290 σκεπά-

179 2333 308 2368 σματα
342 2318 402 2354 καὶ
417 2330 420 2331 ’
436 2313 671 2367 δι(ιτροφάς,’
691 2315 834 2357 roim-otc
865 2312 1188 2366 ἀρκεσθησόμεθα.
1257 2313 1378 2358 Quod
1415 2312 1573 2362 quidem
1613 2327 1660 2352 eo

176 2378 270 2416 mihi
294 2377 515 2430 expeditius
544 2384 584 2415 et
616 2377 770 2415 facilius
800 2383 885 2419 est:
928 2376 1035 2427 quod
1072 2376 1325 2414 Bibliotheca
1355 2388 1440 2414 mea
1467 2376 1560 2414 mihi
1586 2389 1659 2428 pro

177 2454 300 2480 uxore
319 2449 359 2480 et
379 2440 527 2487 liberis,
547 2441 598 2478 ab
618 2440 776 2479 ineunte
795 2446 913 2478 aetate
938 2440 978 2478 in
1005 2440 1111 2478 hunc
1132 2452 1256 2488 usque
1285 2438 1404 2486 diem,
1425 2439 1526 2479 fuit:
1565 2453 1659 2491 quo,

176 2509 323 2556 praeter
342 2517 494 2544 omnem
515 2510 555 2542 et
572 2516 694 2542 meam
716 2509 756 2542 et
784 2503 1044 2554 complurium
1074 2502 1316 2542 medicorum
1346 2507 1465 2553 atque
1494 2503 1661 2541 astrolo-

178 2579 315 2619 gorum
346 2566 587 2618 opinionem,
616 2579 759 2605 annum
792 2561 922 2604 aetatis
952 2566 1132 2616 superavi
1161 2564 1549 2616 quinquagesimum:
1583 2565 1662 2604 vita

178 2628 288 2675 mihi,
314 2628 354 2666 in
380 2627 607 2678 quotidiana
636 2641 738 2679 pene
766 2627 1041 2679 desperatione
1061 2627 1150 2666 vitae
1170 2630 1278 2678 (quae
1306 2626 1465 2677 quidem
1486 2626 1602 2665 dolor
1621 2634 1661 2665 et

179 2691 340 2730 morbus
361 2696 402 2729 et
423 2690 536 2728 labor
555 2690 687 2741 potius
707 2703 825 2739 quam
843 2689 922 2728 vita
940 2689 1029 2740 fuit)
1050 2690 1253 2735 divinitus,
1274 2702 1351 2727 non
1371 2689 1452 2727 sine
1470 2689 1659 2727 miraculo

180 2753 351 2804 quodam
383 2758 612 2803 propagata.
672 2753 781 2796 Quot
808 2758 938 2790 autem
964 2759 1004 2791 et
1030 2753 1097 2803 qui
1124 2752 1408 2799 adolescentes,
1429 2764 1507 2800 quo
1528 2752 1659 2802 vigore

180 2827 405 2866 corporum,
442 2827 519 2865 qua
553 2814 770 2854 animorum
806 2815 1008 2853 alacritate
1041 2814 1214 2866 praediti,
1251 2814 1394 2865 partim
1434 2813 1658 2859 familiares,

109 2888 124 2901 ··
179 2877 318 2926 partim
351 2876 536 2927 discipuli
574 2883 614 2914 et
647 2877 850 2915 auditores
881 2877 973 2922 mei,
1004 2876 1170 2915 diversis
1205 2877 1362 2915 casibus
1400 2876 1554 2913 interim
1589 2889 1656 2914 oc-

181 2937 371 2980 ciderint:
403 2951 481 2977 non
513 2939 595 2978 sine
628 2939 763 2978 dolore
798 2953 957 2990 possum
992 2940 1207 2980 recordari.
1268 2939 1412 2978 Verum
1443 2938 1495 2976 ita
1522 2937 1581 2985 fit,
1616 2945 1659 2977 ut

181 3005 299 3050 poeta
319 3001 445 3038 canit:

238 3071 340 3098 vor„
361 3072 423 3099 v1.
916 3075 940 3101 n
